2054 3380
238 139 342 190 110
666 139 1010 191 LETTERS
1063 140 1158 192 OF
1208 139 1473 190 DANTE

237 279 661 333 condescendat?
735 281 947 352 Quippe
983 280 1126 333 tanti
1158 279 1367 351 pondus
1403 279 1618 332 honoris
1639 279 1657 310 1
1697 299 1866 349 neque
1886 288 1909 310 ὃ

240 368 430 420 merita
456 366 780 437 gratulantis
807 386 978 438 neque
1003 367 1239 439 dignitas
1276 365 1603 440 postulabat.
1681 366 1783 419 Sed
1817 385 1910 418 nec
1933 380 1983 418 10

239 454 401 505 etiam
430 452 671 505 inclinari
697 453 1053 507 humanorum
1078 454 1343 526 graduum
1361 453 1385 484 ¹³
1413 451 1660 507 dedecuit
1685 454 1909 525 apicem,

242 539 382 592 unde
404 539 551 591 velut
567 559 600 591 a
619 540 740 592 vivo
760 540 909 593 fonte
929 547 1141 594 sanctae
1161 540 1437 593 civilitatis
1457 539 1700 610 exempla
1716 538 1912 592 debent

241 625 580 679 inferioribus
606 645 865 680 emanare.
942 627 1148 698 Dignas
1184 627 1367 697 itaque
1400 625 1696 698 persolvere
1733 631 1912 696 grates

241 732 345 765 non
375 712 492 784 opis
508 718 588 765 est
605 712 874 777 hominis‚2
900 733 1082 766 verum
1099 713 1169 765 ab
1185 713 1398 765 homine
1415 712 1646 765 alienum
1673 732 1781 764 esse
1805 730 1912 764 non

241 818 360 851 reor
375 818 474 869 pro
494 798 895 851 insufficientiae
916 799 1287 870 supplemento
1309 801 1483 852 Deum
1504 818 1719 851 exorare
1743 818 1909 870 quan·
1934 815 1984 854 15

243 885 433 956 doque.
511 886 668 937 Nunc
713 884 831 937 ideo
870 886 1021 956 regni
1060 884 1236 937 siderii
1275 886 1430 937 iustis
1467 884 1711 956 precibus
1750 891 1914 955 atque

242 972 345 1042 piis
371 971 496 1023 aula
521 971 778 1042 pulsetur,
806 979 861 1026 et
887 972 1143 1043 impetret
1169 972 1521 1044 supplicantis
1537 973 1757 1024 affectus
1783 991 1913 1043 quau

243 1064 397 1110 tenus
438 1057 623 1110 mundi
676 1057 1022 1111 Gubernator
1063 1064 1309 1111 aeternus
1349 1058 1718 1127 condescensui
1759 1064 1916 1111 tanto

243 1144 479 1215 praemia
513 1150 807 1215 coaequata
836 1144 1144 1209 retribuat,2
1192 1152 1248 1197 et
1277 1145 1348 1198 ad
1377 1146 1612 1216 auspitia
1630 1145 1650 1175 3
1678 1145 1916 1198 Caesaris

243 1237 300 1282 et
326 1232 607 1301 Augustae
633 1230 907 1283 dexteram
942 1232 1150 1302 gratiae
1181 1231 1521 1285 coadiutricis
1550 1231 1825 1296 extendat,
1853 1238 1917 1285 ut
1937 1246 1989 1285 20

244 1317 336 1387 qui
363 1317 595 1369 Romani
627 1318 967 1389 Principatus
984 1317 1005 1348 4
1037 1318 1259 1389 imperio
1295 1319 1548 1372 barbaras
1579 1320 1823 1371 nationes
1863 1324 1919 1371 et

244 1404 382 1456 cives
408 1403 463 1456 in
492 1403 801 1456 mortalium
829 1410 1137 1457 tutamenta
1169 1405 1424 1477 subegit?
1458 1404 1737 1458 delirantis
1763 1405 1878 1458 aevi
1898 1406 1918 1437 ⁶

244 1490 502 1543 familiam
530 1490 628 1543 sub
654 1492 945 1562 triumphis
965 1498 1020 1544 et
1045 1491 1218 1562 gloria
1237 1492 1316 1544 sui
1339 1492 1560 1544 Henrici
1582 1491 1601 1523 ⁷
1629 1492 1883 1544 reformet
1900 1491 1919 1520 8

243 1578 298 1630 in
327 1577 526 1631 meliuS.

891 1672 1260 1721 TRANSLATION

250 1771 340 1831 To⁴
366 1783 441 1830 the
487 1787 611 1833 most
653 1782 865 1844 ylorious
904 1784 1007 1831 and
1047 1786 1173 1832 most
1212 1784 1410 1832 clement
1451 1785 1609 1844 Ζαάῃ,
1658 1785 1734 1832 the
1773 1784 1922 1845 Lady

315 1853 585 1912 Margaret,
615 1853 675 1912 by
697 1852 880 1900 Divina
900 1852 1383 1913 Providence-Queen
1404 1852 1466 1912 of
1478 1854 1554 1900 the
1576 1853 1796 1901 Romans
1818 1853 1922 1900 and

316 1934 422 1967 ever
444 1917 690 1981 Auyusta,
722 1920 782 1969 G.
811 1920 1152 1980 di„Battzjfolle,
1186 1920 1248 1982 by
1272 1922 1347 1969 the
1367 1935 1510 1981 yrace
1534 1920 1595 1979 of
1611 1920 1719 1970 God
1746 1921 1847 1968 and
1870 1918 1933 1978 of

316 1987 416 2035 His
452 1988 600 2037 allied
638 1988 995 2049 Maynificence
1040 1987 1271 2037 Gountess
1310 1988 1537 2038 Palatino
1578 1992 1634 2037 in
1675 1989 1916 2050 Tuscany,

316 2056 477 2134 makes
517 2057 709 2105 humble
750 2056 958 2119 offeriny
998 2057 1062 2117 of
1089 2058 1172 2105 her
1212 2057 1405 2117 dutiful
1444 2058 1545 2106 and
1584 2057 1779 2106 devoted
1817 2057 1922 2106 sub-

315 2138 534 2174 masszon.

316 2226 427 2276 The
451 2228 590 2277 most
613 2227 860 2277 welcome
885 2227 1040 2276 letter
1064 2227 1121 2276 of
1151 2243 1284 2290 your
1308 2227 1474 2290 Royal
1506 2227 1793 2292 Benignity
1815 2245 1923 2278 was

486 2345 505 2364 ¹²
535 2341 625 2384 MS.
647 2348 757 2391 atque
797 2314 801 2329 ¹
979 2340 998 2365 b
1027 2342 1117 2383 MS.
1141 2346 1404 2382 humanorum
1423 2346 1468 2382 in
1486 2348 1685 2392 maduum

306 2444 319 2468 ¹
352 2443 420 2485 Of.
444 2447 488 2485 V.
505 2448 550 2485 E.
572 2445 620 2484 ii.
645 2445 684 2496 4,
705 2444 735 2485 1.
758 2445 839 2484 30;
876 2445 1115 2484 ‘materiae
1134 2445 1311 2496 pondus
1324 2444 1347 2485 ’.

305 2508 321 2533 ²
349 2512 449 2550 Aen.
470 2511 499 2549 i.
521 2511 685 2560 600-53
715 2511 770 2550 cf.
790 2512 916 2558 Epist.
937 2511 970 2548 i.
988 2510 1041 2549 39
1051 2511 1123 2549 -44
1145 2510 1256 2562 (and
1276 2511 1403 2563 note)
1421 2525 1433 2562 ;
1460 2516 1587 2560 Epist.
1606 2513 1655 2553 ii.
1671 2513 1697 2552 8
1715 2526 1725 2562 ;
1752 2516 1844 2552 Par.
1862 2514 1920 2554 iv.

253 2574 385 2614 ΓΔΗ-3
408 2576 497 2627 (see
519 2575 684 2626 Moore,
708 2579 866 2615 studies
883 2578 929 2614 in
946 2578 1083 2626 Dante,
1107 2576 1167 2616 iv.
1191 2576 1305 2626 270).

305 2637 322 2662 ³
350 2640 431 2679 See
451 2642 557 2680 note
577 2654 636 2681 011
657 2644 782 2688 Epist.
806 2642 853 2680 iv
872 2641 978 2693 (iii).
1006 2641 1070 2680 16.

307 2702 323 2728 4
352 2703 433 2743 See
452 2707 559 2744 note
580 2718 639 2745 on
658 2708 782 2752 Epist.
805 2706 881 2745 vii.
905 2705 971 2744 67.
1357 2705 1373 2730 5
1403 2705 1468 2748 Of.
1485 2710 1610 2754 Epist.
1631 2708 1690 2747 vi.
1716 2707 1808 2748 1-8.

306 2768 322 2793 6
352 2768 417 2808 Of.
438 2772 566 2817 Epist.
586 2771 647 2810 vi.
668 2770 722 2810 87
740 2784 748 2809 :
785 2769 1048 2810 ‘delirantis
1070 2770 1313 2821 Hesperiae
1334 2772 1604 2812 domitorem
1618 2772 1642 2812 '.

304 2833 319 2858 ⁷
351 2833 417 2874 Cf.
447 2837 573 2882 Epist.
606 2836 673 2875 vii
701 2839 784 2877 tia:
833 2836 1194 2876 ‘Gloriosissimo
1227 2837 1271 2875 et
1304 2837 1565 2877 felicissimo
1598 2838 1921 2889 triumphatori

254 2929 262 2938 .
286 2930 293 2937 .
322 2932 327 2937 .
353 2898 590 2939 Henrico’.
1350 2902 1367 2927 ⁸
1396 2902 1460 2942 Cf.
1482 2906 1608 2951 Epist.
1628 2903 1705 2942 vii.
1729 2902 1793 2943 14.
