<?xml version="1.0" encoding="UTF-8"?>
<!DOCTYPE html PUBLIC "-//W3C//DTD XHTML 1.0 Transitional//EN"
    "http://www.w3.org/TR/xhtml1/DTD/xhtml1-transitional.dtd">
<html xmlns="http://www.w3.org/1999/xhtml" xml:lang="en" lang="en">
 <head>
  <title>
</title>
<meta http-equiv="Content-Type" content="text/html;charset=utf-8" />
  <meta name='ocr-system' content='tesseract 3.04.00' />
  <meta name='ocr-capabilities' content='ocr_page ocr_carea ocr_par ocr_line ocrx_word'/>
</head>
<body>
  <div class='ocr_page' id='page_1' title='image "./epistolaeletters00dantuoft_0086.png"; bbox 0 0 2054 3380; ppageno 0'>
   <div class='ocr_carea' id='block_1_1' title="bbox 285 150 1516 218">
    <p class='ocr_par' dir='ltr' id='par_1_1' title="bbox 285 150 1516 218">
     <span class='ocr_line' id='line_1_1' title="bbox 285 150 1516 218; baseline 0.008 -21"><span class='ocrx_word' id='word_1_1' title='bbox 285 150 355 198; x_wconf 65' lang='lat'>24</span> <span class='ocrx_word' id='word_1_2' title='bbox 709 153 1065 218; x_wconf 33' lang='lat' dir='ltr'>LETTERS,</span> <span class='ocrx_word' id='word_1_3' title='bbox 1107 155 1201 206; x_wconf 80' lang='lat' dir='ltr'>OF</span> <span class='ocrx_word' id='word_1_4' title='bbox 1251 155 1411 206; x_wconf 91' lang='lat' dir='ltr'>DAN</span> <span class='ocrx_word' id='word_1_5' title='bbox 1417 156 1516 206; x_wconf 81' lang='lat' dir='ltr'>TE</span> 
     </span>
    </p>
   </div>
   <div class='ocr_carea' id='block_1_2' title="bbox 209 292 2028 1579">
    <p class='ocr_par' dir='ltr' id='par_1_2' title="bbox 287 292 1952 367">
     <span class='ocr_line' id='line_1_2' title="bbox 287 292 1952 367; baseline 0.002 -24"><span class='ocrx_word' id='word_1_6' title='bbox 287 292 473 344; x_wconf 84' lang='lat' dir='ltr'>Omnis</span> <span class='ocrx_word' id='word_1_7' title='bbox 499 303 758 364; x_wconf 77' lang='lat' dir='ltr'>namquea</span> <span class='ocrx_word' id='word_1_8' title='bbox 777 295 1021 365; x_wconf 87' lang='lat' dir='ltr'>potentia</span> <span class='ocrx_word' id='word_1_9' title='bbox 1041 315 1177 367; x_wconf 87' lang='lat' dir='ltr'>quae</span> <span class='ocrx_word' id='word_1_10' title='bbox 1203 302 1325 367; x_wconf 88' lang='lat' dir='ltr'>post</span> <span class='ocrx_word' id='word_1_11' title='bbox 1344 295 1738 367; x_wconf 77' lang='lat' dir='ltr'>corruptionem</span> <span class='ocrx_word' id='word_1_12' title='bbox 1765 292 1952 347; x_wconf 82' lang='lat' dir='ltr'>uniusb</span> 
     </span>
    </p>

    <p class='ocr_par' dir='ltr' id='par_1_3' title="bbox 210 379 2026 714">
     <span class='ocr_line' id='line_1_3' title="bbox 210 379 1950 452; baseline -0.001 -17"><span class='ocrx_word' id='word_1_13' title='bbox 210 396 263 435; x_wconf 84' lang='lat'>30</span> <span class='ocrx_word' id='word_1_14' title='bbox 285 385 434 432; x_wconf 85' lang='lat' dir='ltr'>actus</span> <span class='ocrx_word' id='word_1_15' title='bbox 459 399 567 432; x_wconf 92' lang='lat' dir='ltr'>non</span> <span class='ocrx_word' id='word_1_16' title='bbox 593 379 817 452; x_wconf 87' lang='lat' dir='ltr'>deperit,</span> <span class='ocrx_word' id='word_1_17' title='bbox 844 382 1163 437; x_wconf 76' lang='lat' dir='ltr'>naturaliter</span> <span class='ocrx_word' id='word_1_18' title='bbox 1187 389 1486 436; x_wconf 86' lang='lat' dir='ltr'>reservatur</span> <span class='ocrx_word' id='word_1_19' title='bbox 1510 383 1565 435; x_wconf 93' lang='lat' dir='ltr'>in</span> <span class='ocrx_word' id='word_1_20' title='bbox 1590 382 1783 434; x_wconf 87' lang='lat' dir='ltr'>alium:</span> <span class='ocrx_word' id='word_1_21' title='bbox 1823 400 1950 452; x_wconf 85' lang='lat' dir='ltr'>ergo</span> 
     </span>
     <span class='ocr_line' id='line_1_4' title="bbox 286 467 1951 540; baseline 0.001 -23"><span class='ocrx_word' id='word_1_22' title='bbox 286 467 560 535; x_wconf 85' lang='lat' dir='ltr'>potentiae</span> <span class='ocrx_word' id='word_1_23' title='bbox 595 467 891 531; x_wconf 89' lang='lat' dir='ltr'>sensitivae‚</span> <span class='ocrx_word' id='word_1_24' title='bbox 918 475 1165 522; x_wconf 89' lang='lat' dir='ltr'>manente</span> <span class='ocrx_word' id='word_1_25' title='bbox 1191 489 1408 540; x_wconf 88' lang='lat' dir='ltr'>organo,</span> <span class='ocrx_word' id='word_1_26' title='bbox 1438 488 1532 540; x_wconf 90' lang='lat' dir='ltr'>per</span> <span class='ocrx_word' id='word_1_27' title='bbox 1558 468 1951 540; x_wconf 85' lang='lat' dir='ltr'>corruptionem</span> 
     </span>
     <span class='ocr_line' id='line_1_5' title="bbox 285 551 2026 626; baseline 0.004 -23"><span class='ocrx_word' id='word_1_28' title='bbox 285 553 441 604; x_wconf 89' lang='lat' dir='ltr'>unius</span> <span class='ocrx_word' id='word_1_29' title='bbox 456 551 481 583; x_wconf 75' lang='lat'>¹³</span> <span class='ocrx_word' id='word_1_30' title='bbox 506 558 655 605; x_wconf 89' lang='lat' dir='ltr'>actus</span> <span class='ocrx_word' id='word_1_31' title='bbox 681 572 788 605; x_wconf 93' lang='lat' dir='ltr'>non</span> <span class='ocrx_word' id='word_1_32' title='bbox 813 553 1121 626; x_wconf 81' lang='lat' dir='ltr'>depereunt,</span> <span class='ocrx_word' id='word_1_33' title='bbox 1149 562 1204 608; x_wconf 89' lang='lat' dir='ltr'>et</span> <span class='ocrx_word' id='word_1_34' title='bbox 1238 555 1556 608; x_wconf 85' lang='lat' dir='ltr'>naturaliter</span> <span class='ocrx_word' id='word_1_35' title='bbox 1581 559 1916 608; x_wconf 86' lang='lat' dir='ltr'>reservantur</span> <span class='ocrx_word' id='word_1_36' title='bbox 1931 564 1952 589; x_wconf 80' lang='lat'>0</span> <span class='ocrx_word' id='word_1_37' title='bbox 1976 571 2026 610; x_wconf 68' lang='lat'>25</span> 
     </span>
     <span class='ocr_line' id='line_1_6' title="bbox 286 638 1954 714; baseline 0.001 -24"><span class='ocrx_word' id='word_1_38' title='bbox 286 639 340 690; x_wconf 92' lang='lat' dir='ltr'>in</span> <span class='ocrx_word' id='word_1_39' title='bbox 378 638 558 692; x_wconf 90' lang='lat' dir='ltr'>alium.</span> <span class='ocrx_word' id='word_1_40' title='bbox 636 641 811 704; x_wconf 83' lang='lat' dir='ltr'>Quum</span> <span class='ocrx_word' id='word_1_41' title='bbox 853 642 1023 712; x_wconf 85' lang='lat' dir='ltr'>igitur</span> <span class='ocrx_word' id='word_1_42' title='bbox 1058 644 1305 714; x_wconf 89' lang='lat' dir='ltr'>potentia</span> <span class='ocrx_word' id='word_1_43' title='bbox 1342 640 1779 714; x_wconf 77' lang='lat' dir='ltr'>concupiscibili5‚</span> <span class='ocrx_word' id='word_1_44' title='bbox 1819 659 1954 711; x_wconf 92' lang='lat' dir='ltr'>quae</span> 
     </span>
    </p>

    <p class='ocr_par' dir='ltr' id='par_1_4' title="bbox 211 724 2028 1147">
     <span class='ocr_line' id='line_1_7' title="bbox 211 724 1954 799; baseline -0.001 -20"><span class='ocrx_word' id='word_1_45' title='bbox 211 740 262 779; x_wconf 85' lang='lat'>35</span> <span class='ocrx_word' id='word_1_46' title='bbox 286 724 432 777; x_wconf 91' lang='lat' dir='ltr'>sedes</span> <span class='ocrx_word' id='word_1_47' title='bbox 458 727 651 778; x_wconf 89' lang='lat' dir='ltr'>amoris</span> <span class='ocrx_word' id='word_1_48' title='bbox 683 732 778 792; x_wconf 90' lang='lat' dir='ltr'>est,</span> <span class='ocrx_word' id='word_1_49' title='bbox 820 727 890 780; x_wconf 91' lang='lat' dir='ltr'>sit</span> <span class='ocrx_word' id='word_1_50' title='bbox 923 729 1172 799; x_wconf 87' lang='lat' dir='ltr'>potentia</span> <span class='ocrx_word' id='word_1_51' title='bbox 1206 730 1469 794; x_wconf 84' lang='lat' dir='ltr'>sensitiva,</span> <span class='ocrx_word' id='word_1_52' title='bbox 1500 729 1836 781; x_wconf 89' lang='lat' dir='ltr'>manifestum</span> <span class='ocrx_word' id='word_1_53' title='bbox 1875 732 1954 778; x_wconf 89' lang='lat' dir='ltr'>est</span> 
     </span>
     <span class='ocr_line' id='line_1_8' title="bbox 286 811 1951 888; baseline 0 -24"><span class='ocrx_word' id='word_1_54' title='bbox 286 811 430 882; x_wconf 90' lang='lat' dir='ltr'>quod</span> <span class='ocrx_word' id='word_1_55' title='bbox 468 819 593 884; x_wconf 89' lang='lat' dir='ltr'>post</span> <span class='ocrx_word' id='word_1_56' title='bbox 618 815 1013 886; x_wconf 87' lang='lat' dir='ltr'>corruptionem</span> <span class='ocrx_word' id='word_1_57' title='bbox 1049 817 1203 868; x_wconf 88' lang='lat' dir='ltr'>unius</span> <span class='ocrx_word' id='word_1_58' title='bbox 1241 817 1516 888; x_wconf 82' lang='lat' dir='ltr'>passioniS‚</span> <span class='ocrx_word' id='word_1_59' title='bbox 1543 834 1650 886; x_wconf 88' lang='lat' dir='ltr'>qua</span> <span class='ocrx_word' id='word_1_60' title='bbox 1685 814 1741 866; x_wconf 91' lang='lat' dir='ltr'>in</span> <span class='ocrx_word' id='word_1_61' title='bbox 1775 819 1951 866; x_wconf 88' lang='lat' dir='ltr'>actum</span> 
     </span>
     <span class='ocr_line' id='line_1_9' title="bbox 283 887 1954 971; baseline 0.001 -21"><span class='ocrx_word' id='word_1_62' title='bbox 283 898 574 963; x_wconf 79' lang='lat' dir='ltr'>reducitur,</span> <span class='ocrx_word' id='word_1_63' title='bbox 615 901 669 953; x_wconf 90' lang='lat' dir='ltr'>in</span> <span class='ocrx_word' id='word_1_64' title='bbox 712 900 877 954; x_wconf 91' lang='lat' dir='ltr'>alium</span> <span class='ocrx_word' id='word_1_65' title='bbox 916 909 1230 956; x_wconf 87' lang='lat' dir='ltr'>reservatur.</span> <span class='ocrx_word' id='word_1_66' title='bbox 1267 887 1484 955; x_wconf 64' lang='lat' dir='ltr'>⁹Maior</span> <span class='ocrx_word' id='word_1_67' title='bbox 1519 908 1575 954; x_wconf 90' lang='lat' dir='ltr'>et</span> <span class='ocrx_word' id='word_1_68' title='bbox 1619 902 1793 954; x_wconf 89' lang='lat' dir='ltr'>minor</span> <span class='ocrx_word' id='word_1_69' title='bbox 1836 919 1954 971; x_wconf 87' lang='lat' dir='ltr'>pro-</span> 
     </span>
     <span class='ocr_line' id='line_1_10' title="bbox 285 985 2028 1061; baseline -0.001 -22"><span class='ocrx_word' id='word_1_70' title='bbox 285 985 515 1059; x_wconf 84' lang='lat' dir='ltr'>positiod</span> <span class='ocrx_word' id='word_1_71' title='bbox 565 988 876 1059; x_wconf 86' lang='lat' dir='ltr'>syllogismi,</span> <span class='ocrx_word' id='word_1_72' title='bbox 929 1009 1153 1061; x_wconf 91' lang='lat' dir='ltr'>quarum</span> <span class='ocrx_word' id='word_1_73' title='bbox 1213 989 1382 1042; x_wconf 89' lang='lat' dir='ltr'>facilis</span> <span class='ocrx_word' id='word_1_74' title='bbox 1399 998 1418 1020; x_wconf 68' lang='grc' dir='ltr'>θ</span> <span class='ocrx_word' id='word_1_75' title='bbox 1468 994 1623 1060; x_wconf 88' lang='lat' dir='ltr'>patet</span> <span class='ocrx_word' id='word_1_76' title='bbox 1684 988 1954 1050; x_wconf 90' lang='lat' dir='ltr'>introitus,</span> <span class='ocrx_word' id='word_1_77' title='bbox 1975 1008 2028 1047; x_wconf 84' lang='lat'>30</span> 
     </span>
     <span class='ocr_line' id='line_1_11' title="bbox 284 1073 1519 1147; baseline 0.002 -21"><span class='ocrx_word' id='word_1_78' title='bbox 284 1079 408 1126; x_wconf 92' lang='lat' dir='ltr'>tuae</span> <span class='ocrx_word' id='word_1_79' title='bbox 434 1073 746 1144; x_wconf 85' lang='lat' dir='ltr'>diligentiae</span> <span class='ocrx_word' id='word_1_80' title='bbox 771 1075 1172 1146; x_wconf 79' lang='lat' dir='ltr'>relinquanturf</span> <span class='ocrx_word' id='word_1_81' title='bbox 1197 1075 1519 1147; x_wconf 89' lang='lat' dir='ltr'>probandae.</span> 
     </span>
    </p>

    <p class='ocr_par' dir='ltr' id='par_1_5' title="bbox 209 1162 2019 1406">
     <span class='ocr_line' id='line_1_12' title="bbox 209 1162 1954 1233; baseline -0.002 -18"><span class='ocrx_word' id='word_1_82' title='bbox 209 1178 263 1217; x_wconf 86' lang='grc'>4-0</span> <span class='ocrx_word' id='word_1_83' title='bbox 359 1162 462 1229; x_wconf 50' lang='lat' dir='ltr'>§Ala</span> <span class='ocrx_word' id='word_1_84' title='bbox 502 1163 906 1214; x_wconf 87' lang='lat' dir='ltr'>Auctoritatem</span> <span class='ocrx_word' id='word_1_85' title='bbox 924 1171 948 1201; x_wconf 72' lang='lat' dir='ltr'>g</span> <span class='ocrx_word' id='word_1_86' title='bbox 978 1182 1101 1215; x_wconf 91' lang='lat' dir='ltr'>vero</span> <span class='ocrx_word' id='word_1_87' title='bbox 1139 1163 1381 1227; x_wconf 83' lang='lat' dir='ltr'>Nasonis,</span> <span class='ocrx_word' id='word_1_88' title='bbox 1418 1168 1612 1233; x_wconf 90' lang='lat' dir='ltr'>quarto</span> <span class='ocrx_word' id='word_1_89' title='bbox 1650 1163 1734 1214; x_wconf 87' lang='lat' dir='ltr'>De</span> <span class='ocrx_word' id='word_1_90' title='bbox 1758 1162 1954 1213; x_wconf 79' lang='lat' dir='ltr'>Rerum</span> 
     </span>
     <span class='ocr_line' id='line_1_13' title="bbox 291 1246 1954 1319; baseline 0 -21"><span class='ocrx_word' id='word_1_91' title='bbox 291 1247 790 1317; x_wconf 70' lang='lat' dir='ltr'>Tramfomnatione,</span> <span class='ocrx_word' id='word_1_92' title='bbox 829 1267 963 1318; x_wconf 89' lang='lat' dir='ltr'>quae</span> <span class='ocrx_word' id='word_1_93' title='bbox 1000 1248 1198 1301; x_wconf 90' lang='lat' dir='ltr'>directe</span> <span class='ocrx_word' id='word_1_94' title='bbox 1238 1255 1401 1319; x_wconf 90' lang='lat' dir='ltr'>atque</span> <span class='ocrx_word' id='word_1_95' title='bbox 1438 1247 1507 1300; x_wconf 91' lang='lat' dir='ltr'>ad</span> <span class='ocrx_word' id='word_1_96' title='bbox 1542 1247 1752 1300; x_wconf 90' lang='lat' dir='ltr'>literam</span> <span class='ocrx_word' id='word_1_97' title='bbox 1770 1246 1797 1277; x_wconf 70' lang='lat' dir='ltr'>h</span> <span class='ocrx_word' id='word_1_98' title='bbox 1833 1265 1954 1317; x_wconf 91' lang='lat' dir='ltr'>pro-</span> 
     </span>
     <span class='ocr_line' id='line_1_14' title="bbox 285 1333 2019 1406; baseline 0 -21"><span class='ocrx_word' id='word_1_99' title='bbox 285 1334 519 1403; x_wconf 88' lang='lat' dir='ltr'>positum</span> <span class='ocrx_word' id='word_1_100' title='bbox 546 1335 775 1405; x_wconf 90' lang='lat' dir='ltr'>respicit,</span> <span class='ocrx_word' id='word_1_101' title='bbox 795 1342 1033 1406; x_wconf 91' lang='lat' dir='ltr'>superest</span> <span class='ocrx_word' id='word_1_102' title='bbox 1059 1342 1121 1389; x_wconf 89' lang='lat' dir='ltr'>ut</span> <span class='ocrx_word' id='word_1_103' title='bbox 1141 1336 1378 1388; x_wconf 88' lang='lat' dir='ltr'>intueare</span> <span class='ocrx_word' id='word_1_104' title='bbox 1394 1333 1436 1366; x_wconf 64' lang='grc' dir='ltr'>Π</span> <span class='ocrx_word' id='word_1_105' title='bbox 1461 1359 1475 1399; x_wconf 85' lang='grc'>;</span> <span class='ocrx_word' id='word_1_106' title='bbox 1497 1334 1735 1402; x_wconf 89' lang='lat' dir='ltr'>†scilicet</span> <span class='ocrx_word' id='word_1_107' title='bbox 1759 1333 1851 1386; x_wconf 90' lang='lat' dir='ltr'>ubi</span> <span class='ocrx_word' id='word_1_108' title='bbox 1878 1333 1956 1385; x_wconf 88' lang='lat' dir='ltr'>ait</span> <span class='ocrx_word' id='word_1_109' title='bbox 2017 1401 2019 1404; x_wconf 86' lang='lat'>.</span> 
     </span>
    </p>

    <p class='ocr_par' dir='ltr' id='par_1_6' title="bbox 210 1421 2028 1579">
     <span class='ocr_line' id='line_1_15' title="bbox 210 1421 2028 1493; baseline -0.001 -21"><span class='ocrx_word' id='word_1_110' title='bbox 210 1446 260 1485; x_wconf 72' lang='lat'>45</span> <span class='ocrx_word' id='word_1_111' title='bbox 283 1421 567 1489; x_wconf 80' lang='lat' dir='ltr'>auctor†j2</span> <span class='ocrx_word' id='word_1_112' title='bbox 591 1425 671 1490; x_wconf 90' lang='lat' dir='ltr'>(et</span> <span class='ocrx_word' id='word_1_113' title='bbox 697 1421 911 1493; x_wconf 86' lang='lat' dir='ltr'>quidem</span> <span class='ocrx_word' id='word_1_114' title='bbox 928 1423 953 1454; x_wconf 70' lang='lat'>¹³</span> <span class='ocrx_word' id='word_1_115' title='bbox 980 1423 1035 1474; x_wconf 93' lang='lat' dir='ltr'>in</span> <span class='ocrx_word' id='word_1_116' title='bbox 1062 1422 1243 1475; x_wconf 86' lang='lat' dir='ltr'>fabula</span> <span class='ocrx_word' id='word_1_117' title='bbox 1267 1423 1430 1475; x_wconf 91' lang='lat' dir='ltr'>trium</span> <span class='ocrx_word' id='word_1_118' title='bbox 1458 1441 1695 1474; x_wconf 90' lang='lat' dir='ltr'>sororum</span> <span class='ocrx_word' id='word_1_119' title='bbox 1723 1426 1954 1473; x_wconf 88' lang='lat' dir='ltr'>contem·</span> <span class='ocrx_word' id='word_1_120' title='bbox 1977 1447 2028 1486; x_wconf 80' lang='lat'>35</span> 
     </span>
     <span class='ocr_line' id='line_1_16' title="bbox 284 1506 1953 1579; baseline -0.001 -20"><span class='ocrx_word' id='word_1_121' title='bbox 284 1507 531 1560; x_wconf 83' lang='lat' dir='ltr'>tricium1</span> <span class='ocrx_word' id='word_1_122' title='bbox 561 1509 668 1561; x_wconf 84' lang='lat' dir='ltr'>inm</span> <span class='ocrx_word' id='word_1_123' title='bbox 706 1510 901 1562; x_wconf 87' lang='lat' dir='ltr'>semine</span> <span class='ocrx_word' id='word_1_124' title='bbox 934 1510 1158 1562; x_wconf 87' lang='lat' dir='ltr'>Semeles</span> <span class='ocrx_word' id='word_1_125' title='bbox 1175 1510 1221 1578; x_wconf 82' lang='lat'>3)</span> <span class='ocrx_word' id='word_1_126' title='bbox 1260 1509 1329 1561; x_wconf 91' lang='lat' dir='ltr'>ad</span> <span class='ocrx_word' id='word_1_127' title='bbox 1367 1509 1542 1562; x_wconf 88' lang='lat' dir='ltr'>Solem</span> <span class='ocrx_word' id='word_1_128' title='bbox 1579 1508 1798 1579; x_wconf 89' lang='lat' dir='ltr'>loquens</span> <span class='ocrx_word' id='word_1_129' title='bbox 1835 1506 1953 1578; x_wconf 92' lang='lat' dir='ltr'>(qui</span> 
     </span>
    </p>
   </div>
   <div class='ocr_carea' id='block_1_3' title="bbox 284 1635 1957 1851">
    <p class='ocr_par' dir='ltr' id='par_1_7' title="bbox 284 1635 1957 1851">
     <span class='ocr_line' id='line_1_17' title="bbox 340 1635 1956 1686; baseline -0.001 -9"><span class='ocrx_word' id='word_1_130' title='bbox 340 1640 358 1660; x_wconf 69' lang='lat'>⁸</span> <span class='ocrx_word' id='word_1_131' title='bbox 388 1638 436 1678; x_wconf 91' lang='grc' dir='ltr'>Ο.</span> <span class='ocrx_word' id='word_1_132' title='bbox 458 1640 562 1677; x_wconf 80' lang='lat' dir='ltr'>enim</span> <span class='ocrx_word' id='word_1_133' title='bbox 619 1635 638 1661; x_wconf 75' lang='lat'>¹³</span> <span class='ocrx_word' id='word_1_134' title='bbox 657 1636 705 1677; x_wconf 90' lang='grc' dir='ltr'>Ο.</span> <span class='ocrx_word' id='word_1_135' title='bbox 738 1642 821 1678; x_wconf 83' lang='lat' dir='ltr'>eius</span> <span class='ocrx_word' id='word_1_136' title='bbox 877 1642 894 1662; x_wconf 80' lang='lat'><strong>⁰</strong></span> <span class='ocrx_word' id='word_1_137' title='bbox 917 1638 1006 1678; x_wconf 98' lang='lat' dir='ltr'>MS.</span> <span class='ocrx_word' id='word_1_138' title='bbox 1037 1643 1256 1679; x_wconf 76' lang='lat' dir='ltr'>reseruatur</span> <span class='ocrx_word' id='word_1_139' title='bbox 1312 1635 1331 1662; x_wconf 60' lang='grc' dir='ltr'><em>ὅ</em></span> <span class='ocrx_word' id='word_1_140' title='bbox 1354 1639 1444 1679; x_wconf 91' lang='lat' dir='ltr'>MS.</span> <span class='ocrx_word' id='word_1_141' title='bbox 1465 1641 1670 1686; x_wconf 72' lang='lat' dir='ltr'>propositio</span> <span class='ocrx_word' id='word_1_142' title='bbox 1727 1639 1744 1660; x_wconf 78' lang='lat'>⁸</span> <span class='ocrx_word' id='word_1_143' title='bbox 1774 1637 1818 1677; x_wconf 90' lang='grc' dir='ltr'>Ο.</span> <span class='ocrx_word' id='word_1_144' title='bbox 1833 1638 1956 1685; x_wconf 84' lang='lat' dir='ltr'>fac-ile</span> 
     </span>
     <span class='ocr_line' id='line_1_18' title="bbox 284 1687 1957 1741; baseline -0.002 -9"><span class='ocrx_word' id='word_1_145' title='bbox 284 1687 297 1714; x_wconf 75' lang='lat' dir='ltr'><strong>f</strong></span> <span class='ocrx_word' id='word_1_146' title='bbox 327 1692 417 1732; x_wconf 90' lang='lat' dir='ltr'>MS.</span> <span class='ocrx_word' id='word_1_147' title='bbox 437 1695 682 1741; x_wconf 77' lang='lat' dir='ltr'>relinquatur</span> <span class='ocrx_word' id='word_1_148' title='bbox 789 1697 806 1721; x_wconf 63' lang='grc' dir='ltr'><strong>Β</strong></span> <span class='ocrx_word' id='word_1_149' title='bbox 828 1693 916 1733; x_wconf 90' lang='lat' dir='ltr'>MS.</span> <span class='ocrx_word' id='word_1_150' title='bbox 933 1697 1155 1734; x_wconf 81' lang='lat' dir='ltr'>auctoritate</span> <span class='ocrx_word' id='word_1_151' title='bbox 1266 1689 1286 1715; x_wconf 76' lang='lat'>¹¹</span> <span class='ocrx_word' id='word_1_152' title='bbox 1317 1694 1407 1733; x_wconf 90' lang='lat' dir='ltr'>MS.</span> <span class='ocrx_word' id='word_1_153' title='bbox 1439 1697 1570 1733; x_wconf 80' lang='lat' dir='ltr'>lietera</span> <span class='ocrx_word' id='word_1_154' title='bbox 1679 1689 1689 1714; x_wconf 75' lang='lat'><strong>¹</strong></span> <span class='ocrx_word' id='word_1_155' title='bbox 1720 1692 1812 1732; x_wconf 85' lang='lat' dir='ltr'>Ms.</span> <span class='ocrx_word' id='word_1_156' title='bbox 1842 1703 1957 1739; x_wconf 80' lang='lat' dir='ltr'>super</span> 
     </span>
     <span class='ocr_line' id='line_1_19' title="bbox 285 1742 1954 1794; baseline 0 -8"><span class='ocrx_word' id='word_1_157' title='bbox 285 1752 330 1786; x_wconf 85' lang='lat' dir='ltr'>ut</span> <span class='ocrx_word' id='word_1_158' title='bbox 346 1750 548 1794; x_wconf 72' lang='lat' dir='ltr'>intueare3</span> <span class='ocrx_word' id='word_1_159' title='bbox 579 1748 626 1787; x_wconf 89' lang='grc' dir='ltr'>Ο.</span> <span class='ocrx_word' id='word_1_160' title='bbox 649 1750 805 1787; x_wconf 80' lang='lat' dir='ltr'>sedulus</span> <span class='ocrx_word' id='word_1_161' title='bbox 833 1751 1010 1788; x_wconf 82' lang='lat' dir='ltr'>intueare</span> <span class='ocrx_word' id='word_1_162' title='bbox 1186 1745 1197 1776; x_wconf 74' lang='lat' dir='ltr'>J&#39;</span> <span class='ocrx_word' id='word_1_163' title='bbox 1229 1749 1318 1788; x_wconf 83' lang='lat' dir='ltr'>MS.</span> <span class='ocrx_word' id='word_1_164' title='bbox 1340 1752 1539 1787; x_wconf 76' lang='lat' dir='ltr'>subtraxit</span> <span class='ocrx_word' id='word_1_165' title='bbox 1566 1752 1638 1787; x_wconf 82' lang='lat' dir='ltr'>aut</span> <span class='ocrx_word' id='word_1_166' title='bbox 1812 1742 1833 1769; x_wconf 70' lang='lat' dir='ltr'><strong>k</strong></span> <span class='ocrx_word' id='word_1_167' title='bbox 1865 1746 1954 1786; x_wconf 90' lang='lat' dir='ltr'>MS.</span> 
     </span>
     <span class='ocr_line' id='line_1_20' title="bbox 284 1798 1845 1851; baseline -0.001 -9"><span class='ocrx_word' id='word_1_168' title='bbox 284 1805 461 1851; x_wconf 77' lang='lat' dir='ltr'>equidem</span> <span class='ocrx_word' id='word_1_169' title='bbox 587 1798 599 1824; x_wconf 86' lang='lat'>¹</span> <span class='ocrx_word' id='word_1_170' title='bbox 629 1802 718 1843; x_wconf 88' lang='lat' dir='ltr'>MS.</span> <span class='ocrx_word' id='word_1_171' title='bbox 738 1807 1017 1843; x_wconf 73' lang='lat' dir='ltr'>contentricum</span> <span class='ocrx_word' id='word_1_172' title='bbox 1141 1807 1172 1827; x_wconf 86' lang='lat'>¹¹²</span> <span class='ocrx_word' id='word_1_173' title='bbox 1201 1804 1249 1844; x_wconf 91' lang='grc' dir='ltr'>Ο.</span> <span class='ocrx_word' id='word_1_174' title='bbox 1267 1806 1570 1843; x_wconf 71' lang='lat' dir='ltr'>contemtricium</span> <span class='ocrx_word' id='word_1_175' title='bbox 1590 1805 1780 1842; x_wconf 78' lang='lat' dir='ltr'>Numinis</span> <span class='ocrx_word' id='word_1_176' title='bbox 1799 1805 1845 1841; x_wconf 74' lang='lat' dir='ltr'>in</span> 
     </span>
    </p>
   </div>
   <div class='ocr_carea' id='block_1_4' title="bbox 284 1919 1957 2941">
    <p class='ocr_par' dir='ltr' id='par_1_8' title="bbox 285 1919 1957 2223">
     <span class='ocr_line' id='line_1_21' title="bbox 339 1919 1955 1973; baseline 0.001 -14"><span class='ocrx_word' id='word_1_177' title='bbox 339 1919 354 1944; x_wconf 82' lang='lat'>1</span> <span class='ocrx_word' id='word_1_178' title='bbox 383 1920 527 1961; x_wconf 89' lang='lat' dir='ltr'>Witte</span> <span class='ocrx_word' id='word_1_179' title='bbox 548 1921 650 1960; x_wconf 89' lang='lat' dir='ltr'>took</span> <span class='ocrx_word' id='word_1_180' title='bbox 678 1921 756 1960; x_wconf 86' lang='lat' dir='ltr'>the</span> <span class='ocrx_word' id='word_1_181' title='bbox 785 1921 874 1962; x_wconf 83' lang='lat' dir='ltr'>MS.</span> <span class='ocrx_word' id='word_1_182' title='bbox 902 1921 1090 1973; x_wconf 81' lang='lat' dir='ltr'>reading</span> <span class='ocrx_word' id='word_1_183' title='bbox 1118 1924 1163 1961; x_wconf 90' lang='lat' dir='ltr'>to</span> <span class='ocrx_word' id='word_1_184' title='bbox 1190 1922 1244 1961; x_wconf 88' lang='lat' dir='ltr'>be</span> <span class='ocrx_word' id='word_1_185' title='bbox 1268 1926 1334 1961; x_wconf 80' lang='lat' dir='ltr'>secl</span> <span class='ocrx_word' id='word_1_186' title='bbox 1361 1926 1406 1961; x_wconf 86' lang='lat' dir='ltr'>ut</span> <span class='ocrx_word' id='word_1_187' title='bbox 1432 1924 1617 1971; x_wconf 76' lang='lat' dir='ltr'>intueare,</span> <span class='ocrx_word' id='word_1_188' title='bbox 1641 1922 1718 1960; x_wconf 88' lang='lat' dir='ltr'>out</span> <span class='ocrx_word' id='word_1_189' title='bbox 1739 1920 1787 1960; x_wconf 88' lang='lat' dir='ltr'>of</span> <span class='ocrx_word' id='word_1_190' title='bbox 1801 1919 1955 1960; x_wconf 89' lang='lat' dir='ltr'>which</span> 
     </span>
     <span class='ocr_line' id='line_1_22' title="bbox 286 1986 1957 2037; baseline -0.001 -12"><span class='ocrx_word' id='word_1_191' title='bbox 286 1986 344 2025; x_wconf 89' lang='lat' dir='ltr'>he</span> <span class='ocrx_word' id='word_1_192' title='bbox 374 1986 559 2026; x_wconf 84' lang='lat' dir='ltr'>evolved</span> <span class='ocrx_word' id='word_1_193' title='bbox 587 1990 746 2026; x_wconf 78' lang='lat' dir='ltr'>sedulus</span> <span class='ocrx_word' id='word_1_194' title='bbox 773 1991 963 2028; x_wconf 74' lang='lat' dir='ltr'>intueare.</span> <span class='ocrx_word' id='word_1_195' title='bbox 1035 1988 1127 2027; x_wconf 85' lang='lat' dir='ltr'>But</span> <span class='ocrx_word' id='word_1_196' title='bbox 1154 1988 1232 2027; x_wconf 88' lang='lat' dir='ltr'>the</span> <span class='ocrx_word' id='word_1_197' title='bbox 1263 1987 1412 2027; x_wconf 85' lang='lat' dir='ltr'>actual</span> <span class='ocrx_word' id='word_1_198' title='bbox 1441 1987 1531 2026; x_wconf 89' lang='lat' dir='ltr'>MS.</span> <span class='ocrx_word' id='word_1_199' title='bbox 1561 1986 1746 2037; x_wconf 86' lang='lat' dir='ltr'>reading</span> <span class='ocrx_word' id='word_1_200' title='bbox 1774 1986 1814 2025; x_wconf 83' lang='lat' dir='ltr'>is</span> <span class='ocrx_word' id='word_1_201' title='bbox 1841 1998 1957 2033; x_wconf 81' lang='lat' dir='ltr'>super</span> 
     </span>
     <span class='ocr_line' id='line_1_23' title="bbox 285 2051 1953 2104; baseline 0.001 -15"><span class='ocrx_word' id='word_1_202' title='bbox 285 2056 328 2089; x_wconf 82' lang='lat' dir='ltr'>ut</span> <span class='ocrx_word' id='word_1_203' title='bbox 357 2054 546 2103; x_wconf 76' lang='lat' dir='ltr'>intueare,</span> <span class='ocrx_word' id='word_1_204' title='bbox 580 2053 649 2092; x_wconf 88' lang='lat' dir='ltr'>for</span> <span class='ocrx_word' id='word_1_205' title='bbox 676 2053 830 2092; x_wconf 82' lang='lat' dir='ltr'>which</span> <span class='ocrx_word' id='word_1_206' title='bbox 859 2053 884 2092; x_wconf 93' lang='grc' dir='ltr'>Ι</span> <span class='ocrx_word' id='word_1_207' title='bbox 914 2066 1100 2104; x_wconf 87' lang='lat' dir='ltr'>propose</span> <span class='ocrx_word' id='word_1_208' title='bbox 1129 2055 1176 2093; x_wconf 86' lang='lat' dir='ltr'>to</span> <span class='ocrx_word' id='word_1_209' title='bbox 1204 2053 1325 2104; x_wconf 82' lang='lat' dir='ltr'>read,</span> <span class='ocrx_word' id='word_1_210' title='bbox 1348 2053 1462 2092; x_wconf 85' lang='lat' dir='ltr'>with</span> <span class='ocrx_word' id='word_1_211' title='bbox 1492 2051 1736 2092; x_wconf 87' lang='lat' dir='ltr'>Sabbadini</span> <span class='ocrx_word' id='word_1_212' title='bbox 1766 2052 1849 2104; x_wconf 74' lang='lat' dir='ltr'>(loc.</span> <span class='ocrx_word' id='word_1_213' title='bbox 1869 2052 1953 2100; x_wconf 83' lang='lat' dir='ltr'>cit.)</span> 
     </span>
     <span class='ocr_line' id='line_1_24' title="bbox 285 2115 1954 2171; baseline 0 -16"><span class='ocrx_word' id='word_1_214' title='bbox 285 2115 374 2155; x_wconf 86' lang='lat' dir='ltr'>and</span> <span class='ocrx_word' id='word_1_215' title='bbox 405 2117 581 2157; x_wconf 85' lang='lat' dir='ltr'>Pistelli</span> <span class='ocrx_word' id='word_1_216' title='bbox 603 2119 726 2170; x_wconf 81' lang='lat' dir='ltr'>(Buzl.</span> <span class='ocrx_word' id='word_1_217' title='bbox 750 2121 832 2159; x_wconf 82' lang='lat' dir='ltr'>See.</span> <span class='ocrx_word' id='word_1_218' title='bbox 854 2122 968 2158; x_wconf 77' lang='lat' dir='ltr'>Dant.</span> <span class='ocrx_word' id='word_1_219' title='bbox 993 2122 1101 2171; x_wconf 62' lang='lat' dir='ltr'>Ital„</span> <span class='ocrx_word' id='word_1_220' title='bbox 1124 2118 1225 2158; x_wconf 86' lang='lat' dir='ltr'>N.S.</span> <span class='ocrx_word' id='word_1_221' title='bbox 1249 2119 1368 2160; x_wconf 88' lang='lat' dir='ltr'>xxiv.</span> <span class='ocrx_word' id='word_1_222' title='bbox 1393 2118 1479 2171; x_wconf 88' lang='grc'>60),</span> <span class='ocrx_word' id='word_1_223' title='bbox 1501 2121 1671 2165; x_wconf 75' lang='lat' dir='ltr'>superest</span> <span class='ocrx_word' id='word_1_224' title='bbox 1698 2121 1744 2155; x_wconf 84' lang='lat' dir='ltr'>ut</span> <span class='ocrx_word' id='word_1_225' title='bbox 1770 2119 1954 2163; x_wconf 73' lang='lat' dir='ltr'>intueare,</span> 
     </span>
     <span class='ocr_line' id='line_1_25' title="bbox 285 2182 504 2223; baseline 0.014 -3"><span class='ocrx_word' id='word_1_226' title='bbox 285 2194 333 2221; x_wconf 85' lang='lat' dir='ltr'>as</span> <span class='ocrx_word' id='word_1_227' title='bbox 352 2182 504 2223; x_wconf 84' lang='lat' dir='ltr'>above.</span> 
     </span>
    </p>

    <p class='ocr_par' dir='ltr' id='par_1_9' title="bbox 284 2245 1956 2550">
     <span class='ocr_line' id='line_1_26' title="bbox 339 2245 1951 2300; baseline 0 -14"><span class='ocrx_word' id='word_1_228' title='bbox 339 2245 355 2268; x_wconf 84' lang='lat'>²</span> <span class='ocrx_word' id='word_1_229' title='bbox 383 2247 476 2287; x_wconf 85' lang='lat' dir='ltr'>The</span> <span class='ocrx_word' id='word_1_230' title='bbox 496 2248 683 2300; x_wconf 85' lang='lat' dir='ltr'>reading</span> <span class='ocrx_word' id='word_1_231' title='bbox 711 2250 763 2288; x_wconf 93' lang='lat' dir='ltr'>in</span> <span class='ocrx_word' id='word_1_232' title='bbox 786 2248 868 2288; x_wconf 87' lang='lat' dir='ltr'>the</span> <span class='ocrx_word' id='word_1_233' title='bbox 886 2250 983 2288; x_wconf 84' lang='lat' dir='ltr'>text</span> <span class='ocrx_word' id='word_1_234' title='bbox 1007 2249 1046 2287; x_wconf 87' lang='lat' dir='ltr'>is</span> <span class='ocrx_word' id='word_1_235' title='bbox 1074 2261 1133 2288; x_wconf 88' lang='lat' dir='ltr'>an</span> <span class='ocrx_word' id='word_1_236' title='bbox 1161 2249 1396 2300; x_wconf 89' lang='lat' dir='ltr'>ingenious</span> <span class='ocrx_word' id='word_1_237' title='bbox 1423 2246 1676 2298; x_wconf 89' lang='lat' dir='ltr'>conjecture</span> <span class='ocrx_word' id='word_1_238' title='bbox 1696 2246 1742 2286; x_wconf 80' lang='lat' dir='ltr'>of</span> <span class='ocrx_word' id='word_1_239' title='bbox 1760 2247 1951 2299; x_wconf 75' lang='lat' dir='ltr'>Witte’S‚</span> 
     </span>
     <span class='ocr_line' id='line_1_27' title="bbox 285 2311 1956 2365; baseline 0.001 -15"><span class='ocrx_word' id='word_1_240' title='bbox 285 2311 389 2351; x_wconf 88' lang='lat' dir='ltr'>who</span> <span class='ocrx_word' id='word_1_241' title='bbox 409 2324 618 2364; x_wconf 85' lang='lat' dir='ltr'>supposes</span> <span class='ocrx_word' id='word_1_242' title='bbox 647 2314 749 2353; x_wconf 86' lang='lat' dir='ltr'>that</span> <span class='ocrx_word' id='word_1_243' title='bbox 778 2314 859 2353; x_wconf 88' lang='lat' dir='ltr'>the</span> <span class='ocrx_word' id='word_1_244' title='bbox 889 2314 1078 2365; x_wconf 87' lang='lat' dir='ltr'>original</span> <span class='ocrx_word' id='word_1_245' title='bbox 1108 2315 1296 2364; x_wconf 86' lang='lat' dir='ltr'>reading</span> <span class='ocrx_word' id='word_1_246' title='bbox 1323 2312 1580 2363; x_wconf 87' lang='lat' dir='ltr'>(corrupted</span> <span class='ocrx_word' id='word_1_247' title='bbox 1609 2312 1659 2352; x_wconf 90' lang='lat' dir='ltr'>in</span> <span class='ocrx_word' id='word_1_248' title='bbox 1688 2313 1767 2351; x_wconf 88' lang='lat' dir='ltr'>the</span> <span class='ocrx_word' id='word_1_249' title='bbox 1798 2312 1886 2352; x_wconf 90' lang='lat' dir='ltr'>MS.</span> <span class='ocrx_word' id='word_1_250' title='bbox 1911 2314 1956 2352; x_wconf 90' lang='lat' dir='ltr'>to</span> 
     </span>
     <span class='ocr_line' id='line_1_28' title="bbox 284 2376 1956 2431; baseline 0 -16"><span class='ocrx_word' id='word_1_251' title='bbox 284 2380 479 2417; x_wconf 78' lang='lat' dir='ltr'>subtraxit</span> <span class='ocrx_word' id='word_1_252' title='bbox 496 2382 585 2430; x_wconf 88' lang='lat' dir='ltr'>aut)</span> <span class='ocrx_word' id='word_1_253' title='bbox 605 2391 697 2418; x_wconf 86' lang='lat' dir='ltr'>was</span> <span class='ocrx_word' id='word_1_254' title='bbox 715 2391 747 2419; x_wconf 82' lang='grc' dir='ltr'>ε.</span> <span class='ocrx_word' id='word_1_255' title='bbox 771 2382 840 2418; x_wconf 87' lang='lat' dir='ltr'>ubi</span> <span class='ocrx_word' id='word_1_256' title='bbox 858 2382 915 2418; x_wconf 80' lang='lat' dir='ltr'>ait</span> <span class='ocrx_word' id='word_1_257' title='bbox 933 2384 1015 2419; x_wconf 84' lang='lat' dir='ltr'>aut.</span> <span class='ocrx_word' id='word_1_258' title='bbox 1074 2379 1319 2419; x_wconf 91' lang='lat' dir='ltr'>Sabbadini</span> <span class='ocrx_word' id='word_1_259' title='bbox 1341 2378 1426 2429; x_wconf 80' lang='lat' dir='ltr'>(loc.</span> <span class='ocrx_word' id='word_1_260' title='bbox 1448 2377 1533 2431; x_wconf 86' lang='lat' dir='ltr'>cit.)</span> <span class='ocrx_word' id='word_1_261' title='bbox 1554 2390 1763 2428; x_wconf 87' lang='lat' dir='ltr'>proposes</span> <span class='ocrx_word' id='word_1_262' title='bbox 1784 2379 1830 2417; x_wconf 88' lang='lat' dir='ltr'>to</span> <span class='ocrx_word' id='word_1_263' title='bbox 1849 2376 1956 2417; x_wconf 91' lang='lat' dir='ltr'>read</span> 
     </span>
     <span class='ocr_line' id='line_1_29' title="bbox 289 2442 1954 2497; baseline 0 -16"><span class='ocrx_word' id='word_1_264' title='bbox 289 2442 300 2464; x_wconf 83' lang='lat'>‘</span> <span class='ocrx_word' id='word_1_265' title='bbox 315 2446 519 2493; x_wconf 86' lang='lat' dir='ltr'>superest</span> <span class='ocrx_word' id='word_1_266' title='bbox 544 2446 597 2483; x_wconf 91' lang='lat' dir='ltr'>ut</span> <span class='ocrx_word' id='word_1_267' title='bbox 625 2443 695 2496; x_wconf 90' lang='lat' dir='ltr'>(or</span> <span class='ocrx_word' id='word_1_268' title='bbox 717 2446 728 2468; x_wconf 76' lang='lat'><strong><em>⁴</em></strong></span> <span class='ocrx_word' id='word_1_269' title='bbox 742 2446 946 2495; x_wconf 84' lang='lat' dir='ltr'>sequitur</span> <span class='ocrx_word' id='word_1_270' title='bbox 965 2447 1015 2484; x_wconf 86' lang='lat' dir='ltr'>ut</span> <span class='ocrx_word' id='word_1_271' title='bbox 1028 2445 1060 2497; x_wconf 80' lang='lat'>’)</span> <span class='ocrx_word' id='word_1_272' title='bbox 1080 2446 1286 2484; x_wconf 88' lang='lat' dir='ltr'>intueare</span> <span class='ocrx_word' id='word_1_273' title='bbox 1303 2445 1386 2484; x_wconf 91' lang='lat' dir='ltr'>sub</span> <span class='ocrx_word' id='word_1_274' title='bbox 1406 2444 1605 2483; x_wconf 83' lang='lat' dir='ltr'>transitu</span> <span class='ocrx_word' id='word_1_275' title='bbox 1625 2457 1635 2493; x_wconf 90' lang='lat'>;</span> <span class='ocrx_word' id='word_1_276' title='bbox 1656 2444 1719 2483; x_wconf 89' lang='lat' dir='ltr'>ait</span> <span class='ocrx_word' id='word_1_277' title='bbox 1745 2443 1954 2494; x_wconf 88' lang='lat' dir='ltr'>equidem</span> 
     </span>
     <span class='ocr_line' id='line_1_30' title="bbox 287 2508 647 2550; baseline 0.006 -4"><span class='ocrx_word' id='word_1_278' title='bbox 287 2508 336 2546; x_wconf 91' lang='lat' dir='ltr'>in</span> <span class='ocrx_word' id='word_1_279' title='bbox 357 2509 509 2549; x_wconf 82' lang='lat' dir='ltr'>fabula</span> <span class='ocrx_word' id='word_1_280' title='bbox 524 2540 533 2549; x_wconf 93' lang='lat'>.</span> <span class='ocrx_word' id='word_1_281' title='bbox 559 2539 569 2550; x_wconf 89' lang='lat'>.</span> <span class='ocrx_word' id='word_1_282' title='bbox 591 2539 601 2549; x_wconf 94' lang='lat'>.</span> <span class='ocrx_word' id='word_1_283' title='bbox 621 2509 647 2548; x_wconf 84' lang='lat'>’.</span> 
     </span>
    </p>

    <p class='ocr_par' dir='ltr' id='par_1_10' title="bbox 285 2572 1955 2941">
     <span class='ocr_line' id='line_1_31' title="bbox 341 2572 1955 2626; baseline -0.001 -13"><span class='ocrx_word' id='word_1_284' title='bbox 341 2572 358 2598; x_wconf 77' lang='lat'>³</span> <span class='ocrx_word' id='word_1_285' title='bbox 386 2574 500 2614; x_wconf 82' lang='lat' dir='ltr'>Thai:</span> <span class='ocrx_word' id='word_1_286' title='bbox 530 2575 582 2626; x_wconf 88' lang='lat' dir='ltr'>is,</span> <span class='ocrx_word' id='word_1_287' title='bbox 615 2575 848 2625; x_wconf 80' lang='lat' dir='ltr'>Bacchus3</span> <span class='ocrx_word' id='word_1_288' title='bbox 885 2575 964 2615; x_wconf 86' lang='lat' dir='ltr'>the</span> <span class='ocrx_word' id='word_1_289' title='bbox 995 2575 1190 2615; x_wconf 82' lang='lat' dir='ltr'>allusion</span> <span class='ocrx_word' id='word_1_290' title='bbox 1223 2576 1261 2614; x_wconf 87' lang='lat' dir='ltr'>is</span> <span class='ocrx_word' id='word_1_291' title='bbox 1292 2577 1339 2614; x_wconf 91' lang='lat' dir='ltr'>to</span> <span class='ocrx_word' id='word_1_292' title='bbox 1368 2575 1446 2614; x_wconf 90' lang='lat' dir='ltr'>the</span> <span class='ocrx_word' id='word_1_293' title='bbox 1476 2575 1598 2624; x_wconf 88' lang='lat' dir='ltr'>story</span> <span class='ocrx_word' id='word_1_294' title='bbox 1627 2573 1723 2614; x_wconf 89' lang='lat' dir='ltr'>told</span> <span class='ocrx_word' id='word_1_295' title='bbox 1752 2574 1813 2624; x_wconf 89' lang='lat' dir='ltr'>by</span> <span class='ocrx_word' id='word_1_296' title='bbox 1841 2572 1955 2613; x_wconf 83' lang='lat' dir='ltr'>ovid</span> 
     </span>
     <span class='ocr_line' id='line_1_32' title="bbox 289 2638 1955 2692; baseline -0.001 -14"><span class='ocrx_word' id='word_1_297' title='bbox 289 2638 467 2690; x_wconf 83' lang='lat' dir='ltr'>(Metam.</span> <span class='ocrx_word' id='word_1_298' title='bbox 505 2640 566 2680; x_wconf 84' lang='lat' dir='ltr'>iv.</span> <span class='ocrx_word' id='word_1_299' title='bbox 604 2641 724 2692; x_wconf 86' lang='lat'>1-35,</span> <span class='ocrx_word' id='word_1_300' title='bbox 766 2642 978 2692; x_wconf 82' lang='lat'>389-415)</span> <span class='ocrx_word' id='word_1_301' title='bbox 1025 2641 1074 2680; x_wconf 87' lang='lat' dir='ltr'>of</span> <span class='ocrx_word' id='word_1_302' title='bbox 1116 2641 1195 2680; x_wconf 88' lang='lat' dir='ltr'>the</span> <span class='ocrx_word' id='word_1_303' title='bbox 1242 2641 1370 2679; x_wconf 85' lang='lat' dir='ltr'>three</span> <span class='ocrx_word' id='word_1_304' title='bbox 1418 2639 1664 2689; x_wconf 84' lang='lat' dir='ltr'>daughters</span> <span class='ocrx_word' id='word_1_305' title='bbox 1713 2638 1955 2689; x_wconf 73' lang='lat' dir='ltr'>(Alcithoe,</span> 
     </span>
     <span class='ocr_line' id='line_1_33' title="bbox 285 2702 1955 2759; baseline -0.001 -16"><span class='ocrx_word' id='word_1_306' title='bbox 285 2704 495 2755; x_wconf 79' lang='lat' dir='ltr'>Arcippe,</span> <span class='ocrx_word' id='word_1_307' title='bbox 520 2706 611 2745; x_wconf 88' lang='lat' dir='ltr'>and</span> <span class='ocrx_word' id='word_1_308' title='bbox 639 2706 878 2759; x_wconf 82' lang='lat' dir='ltr'>Leucippe)</span> <span class='ocrx_word' id='word_1_309' title='bbox 900 2708 949 2745; x_wconf 89' lang='lat' dir='ltr'>of</span> <span class='ocrx_word' id='word_1_310' title='bbox 972 2707 1148 2757; x_wconf 86' lang='lat' dir='ltr'>Minyas</span> <span class='ocrx_word' id='word_1_311' title='bbox 1167 2706 1216 2744; x_wconf 86' lang='lat' dir='ltr'>of</span> <span class='ocrx_word' id='word_1_312' title='bbox 1241 2706 1437 2753; x_wconf 87' lang='lat' dir='ltr'>Boeotia,</span> <span class='ocrx_word' id='word_1_313' title='bbox 1458 2705 1562 2743; x_wconf 89' lang='lat' dir='ltr'>who</span> <span class='ocrx_word' id='word_1_314' title='bbox 1582 2703 1760 2743; x_wconf 83' lang='lat' dir='ltr'>refused</span> <span class='ocrx_word' id='word_1_315' title='bbox 1789 2705 1834 2742; x_wconf 89' lang='lat' dir='ltr'>to</span> <span class='ocrx_word' id='word_1_316' title='bbox 1859 2702 1955 2753; x_wconf 88' lang='lat' dir='ltr'>join</span> 
     </span>
     <span class='ocr_line' id='line_1_34' title="bbox 285 2768 1955 2821; baseline 0 -14"><span class='ocrx_word' id='word_1_317' title='bbox 285 2770 336 2808; x_wconf 89' lang='lat' dir='ltr'>in</span> <span class='ocrx_word' id='word_1_318' title='bbox 365 2769 443 2809; x_wconf 89' lang='lat' dir='ltr'>the</span> <span class='ocrx_word' id='word_1_319' title='bbox 467 2771 664 2821; x_wconf 88' lang='lat' dir='ltr'>worship</span> <span class='ocrx_word' id='word_1_320' title='bbox 686 2771 734 2810; x_wconf 87' lang='lat' dir='ltr'>of</span> <span class='ocrx_word' id='word_1_321' title='bbox 759 2771 963 2811; x_wconf 86' lang='lat' dir='ltr'>Bacchus</span> <span class='ocrx_word' id='word_1_322' title='bbox 982 2772 1149 2821; x_wconf 87' lang='lat' dir='ltr'>during</span> <span class='ocrx_word' id='word_1_323' title='bbox 1168 2771 1241 2810; x_wconf 89' lang='lat' dir='ltr'>his</span> <span class='ocrx_word' id='word_1_324' title='bbox 1260 2770 1450 2820; x_wconf 84' lang='lat' dir='ltr'>festival,</span> <span class='ocrx_word' id='word_1_325' title='bbox 1474 2769 1564 2808; x_wconf 85' lang='lat' dir='ltr'>and</span> <span class='ocrx_word' id='word_1_326' title='bbox 1592 2771 1724 2820; x_wconf 88' lang='lat' dir='ltr'>spent</span> <span class='ocrx_word' id='word_1_327' title='bbox 1745 2769 1824 2808; x_wconf 88' lang='lat' dir='ltr'>the</span> <span class='ocrx_word' id='word_1_328' title='bbox 1845 2768 1955 2807; x_wconf 83' lang='lat' dir='ltr'>time</span> 
     </span>
     <span class='ocr_line' id='line_1_35' title="bbox 286 2832 1953 2888; baseline -0.001 -15"><span class='ocrx_word' id='word_1_329' title='bbox 286 2834 491 2886; x_wconf 85' lang='lat' dir='ltr'>weaving</span> <span class='ocrx_word' id='word_1_330' title='bbox 520 2836 710 2886; x_wconf 88' lang='lat' dir='ltr'>instead,</span> <span class='ocrx_word' id='word_1_331' title='bbox 747 2837 1023 2888; x_wconf 86' lang='lat' dir='ltr'>whereupon</span> <span class='ocrx_word' id='word_1_332' title='bbox 1053 2837 1162 2886; x_wconf 87' lang='lat' dir='ltr'>they</span> <span class='ocrx_word' id='word_1_333' title='bbox 1194 2849 1311 2875; x_wconf 89' lang='lat' dir='ltr'>were</span> <span class='ocrx_word' id='word_1_334' title='bbox 1345 2835 1546 2886; x_wconf 81' lang='lat' dir='ltr'>changed</span> <span class='ocrx_word' id='word_1_335' title='bbox 1588 2836 1684 2874; x_wconf 86' lang='lat' dir='ltr'>into</span> <span class='ocrx_word' id='word_1_336' title='bbox 1718 2835 1832 2883; x_wconf 85' lang='lat' dir='ltr'>bats,</span> <span class='ocrx_word' id='word_1_337' title='bbox 1865 2832 1953 2872; x_wconf 84' lang='lat' dir='ltr'>and</span> 
     </span>
     <span class='ocr_line' id='line_1_36' title="bbox 287 2901 857 2941; baseline 0.005 -3"><span class='ocrx_word' id='word_1_338' title='bbox 287 2901 409 2939; x_wconf 86' lang='lat' dir='ltr'>their</span> <span class='ocrx_word' id='word_1_339' title='bbox 428 2901 553 2939; x_wconf 90' lang='lat' dir='ltr'>work</span> <span class='ocrx_word' id='word_1_340' title='bbox 574 2902 673 2940; x_wconf 88' lang='lat' dir='ltr'>into</span> <span class='ocrx_word' id='word_1_341' title='bbox 694 2914 720 2940; x_wconf 88' lang='lat' dir='ltr'>a</span> <span class='ocrx_word' id='word_1_342' title='bbox 741 2902 857 2941; x_wconf 87' lang='lat' dir='ltr'>vine.</span> 
     </span>
    </p>
   </div>
  </div>
 </body>
</html>
