2054 3380
783 153 1152 206 EPISTOLA
1203 151 1290 203 IX
1768 149 1870 202 155

134 308 186 348 20
206 300 262 348 et
298 293 500 347 absolvi
518 293 536 324 1
574 312 776 365 possem
816 299 871 346 et
916 291 1085 344 redire
1135 290 1205 344 ad
1247 309 1506 362 praesenS.
1583 289 1645 341 In
1688 297 1832 358 qua.a
1850 289 1869 319 2

207 379 419 451 quidem
440 379 547 432 duo
563 379 583 409 3
598 378 819 432 ridenda
832 385 888 431 et
904 378 1041 430 male
1057 377 1464 449 praeconsiliata
1479 381 1620 439 sunt,
1639 377 1800 428 Pater
1814 374 1834 404 4
1854 399 1868 439 ;
1895 381 1942 420 15

208 466 326 519 dico
352 466 486 520 male
513 465 917 537 praeconsiliata
942 484 1037 536 per
1062 463 1180 516 illos
1207 464 1297 534 qui
1326 463 1459 516 talia
1485 467 1868 534 expresserunt,

949 589 968 609 ⁸
995 587 1042 626 Ο.
1067 599 1138 634 quo

209 684 287 735 qui
308 684 500 724 scribere
521 683 651 723 debet
671 685 915 724 carceratos
934 685 1014 735 qui
1034 685 1082 724 in
1104 684 1238 723 dictis
1253 683 1503 723 carceribus
1523 682 1844 732 consignantur
1860 693 1871 729 ;

207 751 253 788 et
272 751 371 800 post
391 748 576 789 modum
597 748 650 788 ad
668 748 950 788 voluntatem
971 751 1016 788 et
1037 748 1372 800 beneplacitum
1391 759 1547 788 eorum
1568 749 1614 787 et
1634 745 1871 786 cuiuslibet

210 826 362 854 eorum
388 814 508 853 exire
532 814 708 864 possint
735 826 813 853 seu
840 815 1137 854 extrahantur
1164 814 1426 853 relaxentur
1452 815 1497 852 et
1523 813 1776 852 liberentur
1793 823 1873 862 per

208 879 472 930 superstites
490 881 570 918 aut
588 879 720 918 illum
739 880 811 919 vel
839 880 941 919 illos
966 881 1045 931 qui
1073 879 1130 919 ad
1155 879 1402 920 custodiam
1425 879 1625 930 ipsorum
1647 889 1873 918 carcerum

209 957 286 984 seu
305 944 495 984 alicuius
520 956 674 984 eorum
701 945 1036 995 quomodolibet
1062 945 1266 996 deputati
1293 946 1443 984 essent
1466 945 1589 984 licite
1615 945 1658 983 et
1685 944 1872 994 impune

211 1010 256 1047 et
293 1009 392 1049 sine
427 1009 578 1059 aliquo
611 1021 765 1048 eorum
800 1010 1051 1060 preiudicio
1085 1012 1128 1049 et
1163 1010 1422 1061 gravamine
1457 1009 1512 1049 de
1544 1008 1796 1048 carceribus
1827 1010 1873 1048 et

210 1086 236 1112 a
255 1074 505 1114 carceribus
524 1073 795 1126 antedictis;
823 1076 870 1114 et
894 1076 1217 1126 subsequenter
1241 1087 1267 1114 a
1293 1074 1388 1114 loco
1415 1074 1614 1125 ipsorum
1642 1086 1872 1114 carcerum

210 1151 351 1190 usque
371 1140 429 1180 ad
446 1139 678 1179 ecclesiam
699 1140 820 1179 beati
836 1140 1057 1180 Iohannis
1072 1140 1305 1191 ducantur,
1328 1152 1405 1179 seu
1420 1140 1485 1179 ire
1499 1140 1687 1191 possint,
1706 1140 1873 1190 absque

211 1205 363 1255 aliqua
397 1206 560 1244 mitera
593 1217 670 1244 seu
703 1205 880 1244 miteris
914 1206 965 1244 in
999 1206 1145 1256 capite
1177 1205 1251 1245 vel
1290 1205 1423 1245 aliter
1459 1204 1873 1255 quomodocumque

210 1270 434 1310 habendis
466 1272 512 1310 et
545 1269 845 1320 defferendis3
887 1271 1144 1320 ibidemque
1180 1270 1297 1321 apud
1338 1263 1478 1310 alta're
1513 1270 1655 1321 ipsius
1691 1270 1875 1310 ecclesie

210 1336 330 1375 beati
362 1335 588 1376 Iohannis
615 1347 695 1385 per
724 1347 1054 1386 quamcumque
1085 1347 1322 1387 personam
1359 1348 1434 1376 seu
1464 1347 1674 1386 personas
1702 1335 1875 1375 eisdem

211 1400 283 1439 vel
321 1400 456 1441 alicui
496 1412 652 1440 eorum
689 1400 911 1452 placuerit
945 1401 1038 1440 Deo
1074 1401 1119 1439 et
1157 1401 1284 1441 beato
1323 1400 1523 1440 Iohanni
1560 1413 1641 1452 pro
1679 1400 1874 1441 Comuni

212 1465 440 1505 Florentie
470 1465 715 1505 offerantur
742 1467 788 1505 et
816 1466 965 1505 offerri
997 1466 1169 1517 possint
1197 1467 1242 1505 et
1271 1465 1478 1516 debeant,
1509 1467 1555 1505 et
1582 1477 1663 1516 per
1691 1465 1874 1505 modum

211 1532 257 1570 et
277 1531 398 1570 viam
421 1530 659 1570 oblationis
675 1531 935 1570 eximantur
948 1530 1209 1570 relaxentur
1228 1531 1478 1570 liberentur
1497 1532 1543 1570 et
1563 1530 1873 1571 absolvantur’

211 1594 397 1647 (quoted
427 1596 487 1645 by
513 1595 664 1646 Barbi,
692 1596 742 1634 in
762 1598 866 1634 Bull.
889 1598 971 1635 Soc.
995 1598 1113 1635 Dant.
1136 1598 1246 1647 Ital„
1275 1596 1377 1636 N.S.
1403 1595 1464 1636 xi.
1485 1596 1539 1634 29
1554 1595 1754 1647 n.)—see
1782 1596 1876 1636 also

211 1661 400 1711 Zenatti,
424 1664 579 1699 Dantee
593 1663 764 1711 Firenze,
786 1673 859 1711 pp.
884 1661 977 1713 509,
1001 1673 1047 1702 n.
1071 1660 1108 1710 1,
1131 1660 1326 1710 512-143
1354 1660 1445 1700 and
1467 1664 1637 1700 Consulto
1655 1664 1876 1701 Fiorentine

212 1727 281 1764 for
301 1725 457 1765 March
476 1726 543 1776 22,
570 1725 691 1777 1289,
714 1725 804 1765 and
825 1725 957 1776 April
976 1726 1015 1778 3,
1043 1726 1151 1765 1292
1172 1725 1260 1778 (ed.
1283 1726 1522 1778 Gherardi,
1541 1726 1633 1766 vol.
1657 1727 1687 1777 i,
1707 1739 1751 1778 p.
1767 1728 1875 1775 3863

213 1791 299 1831 vol.
322 1792 368 1842 ii,
391 1803 432 1842 p.
457 1789 577 1843 175).
633 1790 728 1829 The
753 1791 886 1830 mitre
912 1803 1098 1842 appears
1121 1794 1167 1831 to
1194 1792 1307 1831 have
1331 1792 1440 1831 been
1473 1792 1520 1831 of
1540 1804 1688 1844 paper,
1713 1793 1803 1832 and
1830 1795 1877 1832 to

212 1856 325 1895 have
345 1855 436 1896 had
455 1856 533 1895 the
552 1867 686 1896 name
707 1856 757 1895 of
771 1857 850 1896 the
865 1856 1135 1907 delinquent
1149 1857 1239 1896 and
1258 1858 1332 1896 his
1351 1857 1489 1897 crime
1510 1857 1737 1897 inscribed
1756 1870 1875 1909 upon

212 1921 263 1962 it.
323 1922 395 1961 Du
415 1922 564 1973 Gange
580 1921 633 1972 (s.
648 1935 688 1962 v.
707 1921 849 1974 mitra)
871 1924 1029 1973 quotes
1046 1924 1125 1964 the
1141 1923 1371 1974 following
1387 1924 1502 1964 from
1522 1924 1602 1964 the
1623 1926 1814 1964 statutos
1834 1925 1882 1964 of

212 1986 292 2026 the
311 1987 404 2038 city
421 1988 471 2027 of
486 1987 673 2027 Mantua
692 2001 701 2027 :
733 1989 744 2011 ‘
760 1987 940 2027 Falsum
968 1989 1259 2028 committens
1278 2018 1288 2029 .
1315 2018 1325 2028 .
1349 2018 1358 2028 .
1384 1989 1598 2028 miti-etur
1619 2002 1722 2029 cum
1740 1990 1878 2030 mitra

211 2053 373 2104 papiri,
394 2053 445 2092 in
465 2064 553 2103 qua
571 2053 632 2093 sit
649 2053 867 2103 sci-Iptum
888 2065 1052 2094 nomen
1081 2055 1127 2093 et
1152 2066 1428 2105 praenomen
1456 2055 1597 2106 ipsius
1623 2055 1812 2107 mitrati,
1833 2057 1877 2095 et

212 2133 456 2172 cognomen
489 2123 535 2160 et
566 2133 801 2173 agnomen,
835 2125 880 2161 et
914 2134 1046 2162 causa
1079 2135 1168 2173 qua
1199 2123 1259 2163 sit
1289 2123 1512 2174 mitratus,
1545 2125 1590 2163 et
1623 2136 1702 2174 per
1734 2126 1877 2164 totam

212 2186 441 2226 civitatem
461 2187 674 2228 Mantuae
691 2186 881 2226 ducatur
899 2200 980 2238 per
999 2187 1095 2228 loca
1114 2188 1291 2238 publica
1312 2188 1458 2228 dictae
1479 2189 1679 2228 civitatis
1698 2218 1709 2230 .
1734 2220 1743 2229 .
1766 2219 1776 2229 .
1794 2191 1804 2211 '

268 2250 283 2276 ¹
312 2252 405 2292 The
424 2251 653 2292 technical
672 2251 926 2292 word—see
946 2254 1025 2293 the
1045 2257 1286 2293 Provvisiom
1302 2254 1351 2294 of
1364 2254 1484 2294 June
1504 2254 1544 2304 2,
1569 2254 1687 2302 1316,
1711 2255 1878 2306 quoted

214 2317 375 2356 in·the
407 2319 618 2368 previous
651 2319 756 2357 note
795 2320 866 2370 (ad
891 2318 1014 2371 fin.):
1054 2322 1159 2369 ‘per
1192 2318 1377 2358 modum
1412 2321 1458 2358 et
1487 2319 1609 2359 viam
1640 2320 1878 2361 oblationis

213 2383 471 2422 eximantur
507 2382 766 2422 relaxentur
803 2382 1054 2423 liberentur
1096 2386 1143 2423 et
1180 2383 1494 2423 absolvantur'
1516 2397 1526 2433 ;
1573 2384 1628 2425 cf.
1669 2384 1761 2425 also
1799 2386 1879 2426 the

212 2449 454 2486 Provvisiom
483 2448 532 2486 of
556 2447 676 2498 Sept.
696 2448 765 2498 28,
787 2448 909 2499 1300,
932 2448 1100 2499 quoted
1132 2449 1190 2499 by
1218 2449 1396 2488 Zenatti
1426 2450 1504 2500 (op.
1525 2453 1607 2501 cit„
1630 2462 1672 2500 p.
1695 2450 1777 2489 510
1792 2451 1876 2504 n.),

214 2511 304 2551 and
337 2512 439 2552 that
469 2512 516 2552 of
545 2512 648 2553 Feb.
682 2514 745 2563 10,
779 2513 888 2552 1309
919 2513 1134 2565 (relating
1165 2515 1212 2553 to
1245 2513 1323 2553 the
1356 2513 1506 2552 father
1540 2515 1589 2553 of
1618 2514 1880 2567 Petrarca):

216 2576 465 2616 ‘eximatur
498 2576 716 2617 liberetur
754 2581 799 2617 et
837 2578 1108 2627 absolvatur,
1143 2580 1189 2618 et
1226 2578 1363 2618 eximi
1402 2578 1585 2618 liberari
1623 2582 1669 2619 et
1707 2581 1878 2621 absolvi

215 2642 355 2691 possit
376 2643 422 2680 et
440 2640 602 2681 debeat
621 2654 702 2693 per
719 2643 839 2683 viam
861 2645 906 2684 et
926 2644 1109 2684 modum
1132 2643 1393 2683 oblationis’
1417 2643 1496 2696 (op.
1522 2646 1599 2695 cit„
1623 2657 1666 2695 p.
1689 2645 1802 2696 513).

270 2705 287 2731 ²
314 2706 430 2745 That
450 2705 503 2757 is,
527 2705 538 2727 ‘
553 2706 833 2747 absolutione
851 2708 1184 2757 bannitorum’,
1206 2721 1253 2747 as
1274 2706 1402 2747 Della
1421 2707 1558 2747 Torre
1580 2709 1798 2750 observes.

271 2769 288 2795 ³
315 2770 432 2810 That
463 2771 513 2822 is,
546 2770 624 2810 the
653 2774 869 2823 payment
898 2773 947 2812 of
970 2785 996 2812 a
1024 2773 1131 2821 fine,
1160 2772 1251 2812 and
1278 2772 1358 2812 the
1386 2774 1696 2823 presentation
1723 2777 1770 2814 at
1799 2775 1877 2814 the

217 2839 365 2886 oblatio,
387 2848 435 2874 as
454 2847 640 2886 appears
660 2836 775 2875 from
796 2836 844 2877 ll.
866 2837 988 2876 324).

270 2897 286 2923 ⁴
315 2900 396 2941 See
415 2900 729 2953 introductory
747 2903 852 2942 note
872 2915 929 2942 on
950 2902 1027 2942 the
1047 2903 1279 2943 addressee
1301 2903 1348 2943 of
1363 2903 1441 2942 the
1462 2903 1611 2944 letter.
