2054 3380
747 153 1119 206 EPISTOLA
1169 152 1229 204 X
1713 149 1812 205 191

156 301 271 348 tum
293 304 316 328 ²²
340 295 493 348 nobis
527 296 582 348 in
615 293 936 357 Matthae0‚¹
965 293 1056 347 ubi
1094 301 1203 347 tres
1229 294 1475 366 discipuli
1510 292 1812 346 ceciderunt

54 397 134 434 550
157 382 211 433 in
239 382 424 434 faciem
450 402 617 446 suam,
643 383 778 435 nihil
796 388 981 453 postea
1006 382 1306 446 recitantes,
1322 382 1473 452 quasi
1490 379 1664 432 obliti.
1740 378 1818 429 Et

157 469 210 519 in
232 469 505 521 Ezechiele
521 469 541 498 2
567 469 816 522 scribitur
838 488 849 522 z
890 474 904 498 ‘
923 467 1046 520 Vidi
1063 474 1118 520 et
1133 467 1295 519 cecidi
1316 468 1370 519 in
1391 468 1576 519 faciem
1595 485 1765 517 meam
1784 466 1812 516 ⁵.

156 556 232 606 Et
258 554 349 607 ubi
376 556 479 608 ista
502 554 694 607 invidis
715 574 822 606 non
849 554 1125 618 sufficiant,
1146 552 1328 624 legant
1353 551 1682 606 Richardum
1702 550 1727 581 b
1751 549 1816 601 de
1840 561 1921 600 420

156 646 338 692 sancto
377 642 587 693 Victore
605 641 626 672 3
663 642 717 692 in
757 639 896 693 libro
945 641 1029 692 De
1071 641 1509 711 Contemplatione
1524 638 1545 668 4
1568 661 1582 701 ;
1634 637 1817 707 legant

51 739 131 777 555
156 726 482 779 Bernardum
501 726 522 757 ⁵
542 728 596 779 in
622 726 760 780 libro
788 728 870 780 De
897 728 1317 780 Consideratione
1333 727 1386 789 6;
1424 726 1607 796 legant
1624 726 1812 794 Augu-

463 858 483 878 ²
510 855 649 896 M.1V.
671 858 903 895 insinuatur
1173 853 1192 879 ¹²
1220 856 1268 897 O.
1293 858 1509 894 Ricardum

210 957 226 983 ¹
255 961 370 998 Mati.
391 958 498 998 xvii.
524 958 616 997 1-8.
1110 955 1127 982 ²
1156 959 1268 996 Ezek.
1290 958 1318 996 i.
1339 957 1394 996 28
1415 955 1549 1008 (ναῖς.
1574 955 1621 995 ii.
1647 953 1704 1005 1).

208 1021 226 1047 ³
257 1021 452 1061 Richard
468 1022 518 1061 of
531 1022 595 1062 St.
612 1022 780 1072 Victor,
799 1020 922 1061 chief
937 1020 985 1059 of
1000 1021 1077 1060 the
1094 1021 1280 1071 mystics
1302 1020 1350 1059 of
1366 1020 1494 1060 Cent.
1511 1020 1591 1068 xii,
1606 1019 1645 1058 is
1659 1017 1817 1069 placed

154 1088 213 1137 by
233 1087 381 1126 Dante
401 1098 563 1137 among
583 1087 660 1126 the
680 1087 803 1137 great
822 1086 1001 1125 doctors
1021 1085 1070 1125 of
1094 1085 1175 1125 the
1195 1086 1375 1126 Ghurch
1396 1086 1446 1124 in
1466 1086 1546 1124 the
1567 1083 1752 1123 Heaven
1773 1081 1822 1121 of

154 1153 235 1192 the
265 1153 374 1200 Sun,
402 1156 493 1192 Par.
526 1164 569 1192 X.
604 1151 766 1191 131-2:
809 1151 1061 1200 ‘Riccard0,
1090 1150 1184 1191 Che
1212 1163 1238 1191 a
1266 1150 1524 1191 considerar
1552 1149 1600 1187 fu
1627 1148 1706 1199 piu
1736 1147 1817 1188 che

154 1228 251 1255 v1ro
267 1214 292 1255 '.

208 1279 225 1305 ⁴
255 1280 506 1320 Otherwise
524 1280 691 1320 known
711 1292 760 1320 as
779 1282 994 1319 Beniamin
1012 1282 1138 1319 maior
1158 1279 1247 1332 (see
1275 1279 1490 1327 Gardner,
1512 1281 1638 1318 Dante
1657 1280 1741 1317 and
1761 1281 1818 1317 the

154 1348 324 1396 Mystics,
353 1358 427 1396 pp.
458 1346 511 1384 43
528 1358 589 1395 n.‚
622 1345 748 1397 165):
790 1343 928 1384 ‘Cum
958 1345 1078 1384 enim
1112 1357 1190 1395 per
1223 1345 1389 1384 mentis
1423 1356 1651 1384 excessum
1685 1355 1818 1393 supra

155 1412 250 1454 sive
281 1411 403 1450 intra
437 1411 733 1461 nosmetipsos
765 1410 816 1449 in
851 1409 1111 1449 divinorum
1143 1409 1568 1459 contemplationem
1601 1409 1817 1459 rapimur,

154 1476 426 1515 exteriorum
447 1476 652 1516 omnium
671 1476 827 1514 statim
847 1475 938 1514 imo
964 1486 1056 1514 non
1085 1474 1231 1514 solum
1251 1487 1409 1513 eorum
1430 1486 1542 1524 quae
1570 1475 1694 1513 extra
1720 1486 1816 1523 nos,

153 1553 311 1581 verum
331 1541 467 1581 etiam
486 1552 640 1581 eorum
661 1552 773 1590 quae
793 1540 842 1579 in
863 1540 994 1580 nobis
1019 1541 1127 1579 sunt
1153 1540 1357 1579 omnium
1380 1539 1701 1579 obliviscimur.
1759 1540 1818 1579 Et

155 1607 266 1646 item
295 1619 398 1646 cum
428 1607 482 1646 ab
512 1606 593 1646 illo
621 1606 917 1646 sublimitatis
946 1607 1064 1645 statu
1090 1605 1145 1645 ad
1171 1606 1469 1655 nosmetipsos
1498 1605 1712 1655 redimus,
1737 1604 1818 1644 illa

156 1684 268 1722 quae
287 1673 410 1723 prius
440 1683 574 1722 supra
598 1671 894 1721 nosmetipsos
919 1671 1120 1710 vidimus
1148 1671 1199 1709 in
1221 1682 1272 1710 ea
1298 1671 1491 1710 veritate
1516 1670 1587 1709 vel
1614 1669 1818 1708 claritate

155 1749 243 1787 qua
271 1737 398 1788 prius
429 1737 737 1788 perspeximus
767 1736 826 1776 ad
859 1737 1059 1775 nostram
1093 1736 1359 1775 memoriam
1393 1747 1598 1774 revocare
1631 1734 1818 1773 omnino

155 1813 247 1840 non
275 1814 528 1852 possumus,
586 1801 644 1841 Et
673 1801 879 1851 quamvis
907 1800 1014 1840 inde
1043 1800 1215 1850 aliquid
1245 1801 1294 1839 in
1324 1800 1540 1839 memoria
1570 1802 1817 1848 teneamus,

154 1869 199 1906 et
218 1867 346 1917 quasi
366 1879 446 1918 per
471 1867 673 1907 medium
694 1867 847 1907 velum
874 1868 920 1906 et
946 1865 1072 1906 velut
1099 1866 1148 1905 in
1178 1865 1327 1905 medio
1350 1865 1541 1905 nebulae
1565 1864 1815 1915 videamus,

156 1944 238 1971 nec
274 1932 458 1971 modum
496 1932 679 1983 quidem
712 1931 922 1985 videndi,
961 1943 1043 1970 nec
1085 1931 1356 1981 qualitatem
1383 1923 1581 1970 'visionis
1619 1942 1818 1980 compre-

155 1997 368 2047 hendere,
388 1997 460 2037 vel
490 1997 714 2037 recordari
743 1997 997 2037 sufficimus.
1057 1997 1112 2036 Et
1143 1997 1311 2035 mirum
1343 1998 1392 2035 in
1422 1995 1605 2035 modum
1637 1995 1820 2034 remini·

156 2064 329 2101 scentes
366 2075 460 2102 non
499 2062 850 2110 reminiscimur,
884 2063 929 2101 et
967 2074 1058 2101 non
1092 2062 1433 2101 reminiscentes
1468 2061 1815 2109 reminiscimur,

156 2126 265 2165 dum
298 2127 503 2167 videntes
534 2139 626 2167 non
661 2127 959 2178 pervidemus,
995 2128 1039 2165 et
1074 2126 1344 2176 aspicientes
1378 2138 1470 2165 non
1508 2126 1815 2176 perspicimus,

155 2194 200 2231 et
219 2192 508 2232 intendentes
527 2205 618 2233 non
639 2195 926 2244 penetramus
939 2191 950 2213 '
973 2192 1051 2241 (iv.
1072 2191 1158 2243 23).

196 2256 228 2291 -5
257 2257 320 2298 St.
351 2257 553 2297 Bernard
586 2258 635 2296 of
664 2257 916 2308 ClairvauX,
956 2257 1014 2296 ‘il
1049 2258 1176 2296 santo
1211 2254 1341 2295 sene’
1375 2255 1422 2294 of
1452 2259 1543 2295 Par.
1579 2256 1698 2295 xxxi.
1735 2255 1816 2306 945

161 2321 288 2371 ‘quel
318 2322 690 2374 contemplante’,
713 2326 805 2362 Par.
832 2323 971 2361 xxxii.
995 2323 1047 2371 13
1076 2319 1259 2360 Dante's
1287 2320 1419 2371 guide
1449 2320 1583 2359 when
1613 2320 1815 2360 Beatrice

156 2386 306 2426 leaves
325 2387 437 2426 him.

211 2449 228 2474 ⁶
256 2449 454 2489 Written
474 2451 670 2491 towards
695 2452 775 2490 the
801 2451 916 2490 close
943 2451 993 2490 of
1019 2451 1082 2489 St.
1105 2449 1344 2489 Bernard's
1370 2449 1462 2500 life,
1484 2449 1686 2489 between
1709 2450 1817 2489 1149

158 2515 247 2556 and
279 2516 397 2566 1153,
421 2516 511 2556 and
538 2516 772 2556 dedicated
797 2518 844 2556 to
871 2516 1096 2567 Eugenius
1117 2515 1195 2555 ΙΙΙ
1226 2514 1315 2567 (see
1343 2515 1559 2563 Gardner,
1579 2518 1707 2554 Dante
1732 2520 1817 2555 and

157 2585 215 2621 the
242 2583 412 2631 Mys-ties,
438 2592 511 2631 pp.
535 2581 612 2619 123
626 2581 704 2634 ff.).
761 2581 909 2620 Dante
939 2580 1207 2632 apparently
1235 2579 1375 2619 refers
1402 2582 1450 2619 to
1478 2580 1557 2619 the
1585 2579 1817 2631 following

156 2657 364 2697 passage:
398 2644 479 2684 ‘At
495 2646 698 2685 omnium
718 2645 942 2685 maximus
963 2644 1162 2697 [viator],
1180 2646 1257 2693 qui
1279 2645 1426 2695 spreto
1441 2644 1539 2694 ipso
1557 2655 1643 2683 usu
1662 2657 1814 2684 rerum

158 2714 203 2750 et
234 2722 464 2759 sensuum,
494 2712 716 2760 quantum
754 2710 937 2760 quidem
970 2711 1195 2750 humanae
1228 2708 1468 2760 fragilitati
1501 2708 1568 2749 fas
1604 2711 1686 2759 est,
1722 2722 1815 2751 non

159 2775 422 2816 ascensoriis
456 2774 679 2825 gradibus,
711 2775 787 2815 sed
817 2775 1064 2826 inopinatis
1092 2774 1341 2813 excessibus
1374 2773 1549 2813 avolare
1581 2774 1815 2815 interdum

109 2846 112 2848 ’
159 2838 505 2890 contemplando
527 2838 583 2878 ad
609 2839 689 2879 illa
712 2839 923 2879 sublimia
949 2839 1193 2879 consuevit.
1251 2837 1322 2877 Ad
1342 2838 1424 2878 hoc
1444 2837 1657 2877 ultimum
1675 2851 1817 2890 genus

159 2906 260 2945 illos
278 2905 504 2955 pertinere
523 2916 623 2943 reor
641 2917 843 2945 excessus
862 2904 1015 2944 Pauli’
1039 2908 1099 2956 (v.
1120 2904 1160 2955 2,
1183 2905 1204 2950 5
1224 2903 1286 2954 3).
