2054 3380
748 106 1116 157 EPISTOLA
1171 107 1211 158 V
1742 106 1811 155 55

154 255 329 301 centes
346 258 367 280 ²
385 249 419 313 1,
448 254 461 277 ‘
479 249 771 300 Dominum
792 267 896 300 non
924 248 1178 300 habemus
1195 249 1248 302 ’.2
1305 251 1512 300 Hortus
1537 249 1673 299 enim
1701 248 1811 299 eius
1835 261 1886 298 85

153 341 207 387 et
237 333 380 387 lacus
409 341 489 387 est
514 326 658 406 quod
688 333 891 388 coelum
929 335 1151 398 circuit3
1191 354 1313 387 nam
1331 334 1355 365 b
1391 335 1525 388 ‘Dei
1555 339 1636 386 est
1670 352 1812 385 mare

57 431 129 470 115
153 427 209 473 et
235 421 345 492 ipse
372 421 499 473 fecit
523 420 674 484 illud,
691 426 745 472 et
763 419 966 472 aridam
997 420 1355 473 fundaverunt
1384 440 1568 473 manus
1593 419 1704 472 eius
1719 421 1774 472 '.⁰
1792 418 1811 448 3

152 506 351 559 Unded
384 509 559 560 Deum
594 507 934 558 Romanum
969 507 1260 577 principem
1292 505 1707 578 praedestinasse
1731 523 1810 557 re-

152 593 292 645 lucet
335 593 389 644 in
428 592 572 645 miris
606 590 947 654 effectibus43
991 598 1047 644 et
1093 592 1250 646 verbo
1286 593 1445 646 Verbi
1483 592 1812 646 confirmasse

152 679 411 749 posterius
426 678 445 708 f
461 680 480 710 5
506 679 791 750 profitetur
814 677 1065 731 Ecclesia.
1837 688 1888 725 90

55 775 131 814 120
225 767 252 835 ξ
278 769 329 819 8.
368 767 571 836 Nempe
603 766 645 817 si
683 771 744 816 ‘a
778 771 1021 818 creatura
1050 764 1233 818 mundi
1260 765 1547 819 invisibilia
1572 765 1690 829 Dei,
1719 784 1815 836 per

152 871 214 904 ea
248 871 383 922 quae
421 852 566 904 facta
603 857 743 915 sunt,
779 850 1090 904 intellectass
1126 852 1556 924 conspiciuntur'
1574 851 1628 915 ὃς
1679 856 1734 904 et
1770 851 1812 902 si

152 958 216 990 ex
250 937 589 991 notioribush
627 936 778 990 nobis
809 938 1145 1001 innotiora73
1185 938 1526 1011 simpliciteri
1564 937 1811 991 interestJ'

51 1034 128 1074 125
152 1024 412 1077 humanae
438 1023 860 1096 apprehensioni,
887 1024 992 1076 utk
1025 1044 1120 1096 per
1152 1031 1357 1078 motum
1389 1024 1521 1078 coeli
1555 1031 1812 1078 motorem

152 1108 542 1181 intelligamus¹
584 1115 640 1162 et
683 1110 794 1162 eius
834 1110 993 1162 velle:
1039 1110 1192 1163 facile
1234 1111 1649 1183 praedestinatio
1685 1111 1815 1163 haec
1839 1121 1890 1159 95

153 1198 315 1249 etiam
364 1196 552 1249 leviter
602 1195 991 1250 intuentibusm
1037 1197 1334 1251 innotescet
1350 1205 1391 1251 ¹¹.
1494 1200 1635 1251 Nam
1688 1197 1728 1249 si
1785 1216 1817 1249 a

155 1284 325 1354 prima
361 1282 651 1335 scintillula
684 1282 841 1334 huius
885 1284 1023 1353 ignis
1040 1291 1062 1316 ⁰
1079 1282 1098 1313 ⁸
1136 1284 1464 1337 revolvamus
1508 1283 1815 1355 praeterita,

153 1388 216 1420 ex
261 1388 368 1438 quo
413 1369 610 1420 scilicet
652 1370 851 1438 Argis⁰
901 1369 1239 1440 hospitalitas
1278 1377 1357 1422 est
1372 1378 1396 1407 1¹
1441 1390 1473 1422 a
1516 1368 1818 1442 Phrygibus

208 1508 226 1527 ὃ
257 1505 304 1545 0.
325 1508 563 1544 somniantes
582 1507 627 1542 in
646 1507 834 1555 cordibus,
857 1508 889 1543 et
911 1507 1076 1544 dicentes
1251 1503 1271 1530 b
1299 1505 1348 1546 P.
1366 1519 1463 1545 num
1646 1509 1663 1528 ⁰
1692 1506 1746 1545 V.
1766 1511 1825 1544 esa

154 1567 172 1592 ‘¹
204 1570 250 1609 P.
264 1583 363 1609 num
446 1572 462 1591 θ
493 1569 539 1609 Ρ.
557 1569 692 1607 omits
707 1572 934 1608 Romanum
1013 1564 1027 1591 t
1055 1570 1103 1610 P.
1120 1571 1254 1610 omits
1270 1574 1483 1620 posterius;
1511 1572 1563 1612 V.
1576 1573 1820 1619 propreerius

154 1639 171 1663 ⁸
201 1635 247 1674 P.
266 1638 406 1675 rellitta
423 1648 433 1684 ;
454 1635 500 1674 Ο.
520 1637 708 1674 intellectu
797 1631 818 1657 ¹¹
849 1634 894 1673 P.
913 1638 1148 1686 mitioribus
1164 1636 1280 1675 with
1295 1639 1400 1676 alias
1412 1639 1622 1676 notioribus
1633 1636 1819 1675 written

154 1701 291 1739 above
402 1696 411 1722 ¹
442 1699 490 1739 Ο.
511 1702 692 1738 similiter
801 1695 812 1726 J'
842 1699 889 1738 P.
913 1701 986 1738 iter
1003 1704 1056 1737 est
1175 1695 1194 1721 k
1223 1700 1275 1739 V.
1301 1713 1348 1738 ne
1456 1696 1468 1723 ¹
1498 1699 1546 1740 P.
1565 1702 1821 1749 intelligimus

153 1771 185 1790 ¹¹²
214 1765 261 1806 P.
285 1767 419 1804 omits
440 1768 680 1804 intuentibus
774 1767 796 1787 ¹¹
826 1764 930 1804 P.V.
946 1767 1156 1804 innotescas
1255 1769 1273 1788 ⁰
1302 1766 1356 1806 V.
1371 1769 1541 1814 aprima
1555 1769 1674 1805 huius
1687 1768 1793 1815 iynis
1811 1779 1822 1814 3

153 1831 198 1871 Ο.
217 1844 243 1868 α
255 1843 299 1877 p.
321 1834 365 1869 h.
382 1833 409 1869 i.
423 1832 566 1878 favilla
677 1832 697 1858 Ρ
725 1829 770 1869 O.
794 1829 928 1868 omits
948 1842 986 1869 es

210 1939 225 1963 1
254 1940 345 1978 The
381 1939 679 1989 punctuation
711 1939 759 1977 of
790 1940 868 1978 the
901 1940 1066 1978 Oxford
1100 1942 1195 1979 text
1224 1940 1263 1980 is
1291 1940 1524 1990 obviously
1554 1952 1732 1990 wrong3
1762 1940 1814 1980 cf.

158 2007 286 2044 Psalm
307 2006 364 2043 iv,
388 2006 441 2052 53
470 2016 511 2043 x.
536 2004 578 2052 6,
603 2004 665 2051 11,
693 2003 772 2053 133
800 2004 898 2044 xiii.
921 2005 942 2043 1
963 2019 971 2051 ;
999 2005 1152 2044 xxxiv.
1173 2005 1254 2055 253
1283 2005 1354 2045 διο.

212 2069 228 2095 ²
260 2070 279 2107 1
301 2072 430 2117 Kinqs
448 2069 556 2108 xxii.
584 2069 663 2118 17;
692 2072 826 2108 Psal‘m
845 2069 942 2108 xiii.
969 2071 1016 2117 1;
1045 2070 1109 2109 lii.
1137 2070 1174 2110 1.

213 2132 243 2158 3'
258 2137 389 2172 Psalm
408 2133 521 2173 xciv,
546 2134 571 2172 5
589 2146 599 2182 ;
630 2133 744 2172 with
765 2145 792 2172 a
811 2133 1098 2173 recollection
1121 2135 1168 2173 of
1187 2137 1279 2175 Gen.
1301 2134 1331 2174 i.
1353 2135 1390 2173 9.

210 2198 226 2223 4
258 2197 337 2237 See
374 2198 451 2237 the
480 2197 728 2237 references
757 2198 807 2236 in
836 2197 914 2237 the
944 2202 1069 2238 Dante
1097 2200 1337 2249 Dictionary,
1369 2211 1445 2238 s.v.
1478 2197 1657 2237 Romm
1669 2196 1697 2249 ²,
1729 2199 1819 2236 and

157 2262 393 2314 especially
416 2266 519 2302 Mon.
542 2263 590 2302 ii.
616 2263 655 2302 4.

212 2328 229 2353 ⁵
256 2328 364 2367 This
384 2327 656 2378 conjectural
677 2329 967 2368 emendation
996 2329 1042 2368 of
1069 2329 1148 2368 the
1170 2329 1471 2379 meaningless
1490 2328 1675 2379 reading
1694 2328 1742 2368 of
1768 2329 1817 2369 V.

158 2394 196 2432 is
216 2393 350 2432 based
371 2405 427 2432 on
449 2394 527 2432 the
543 2396 676 2440 pescia
695 2394 744 2432 of
759 2394 838 2433 the
857 2394 981 2443 early
1002 2395 1173 2433 Italian
1187 2394 1462 2433 translation
1486 2393 1571 2446 (ed.
1596 2394 1737 2447 1754).

213 2458 230 2484 ⁶
258 2460 365 2495 Rom.
386 2458 417 2496 i.
439 2457 518 2505 203
549 2457 601 2495 cf.
623 2460 729 2496 Mon.
754 2457 802 2498 ii.
827 2458 866 2509 2,
890 2457 938 2497 11.
964 2458 1083 2497 72-3.

213 2521 230 2547 '¹
258 2521 489 2570 Aristotle‚
503 2525 672 2572 Physics,
689 2523 718 2561 i.
737 2522 777 2572 13
797 2523 850 2561 cf.
866 2526 974 2563 Conv.
993 2524 1039 2563 ii.
1059 2524 1095 2573 1,
1110 2522 1342 2572 11.107-12;
1360 2525 1414 2563 A.
1431 2525 1468 2561 Τ.
1489 2524 1591 2573 520,
1604 2523 1653 2564 11.
1671 2523 1816 2564 19-23.

214 2587 229 2610 ⁵³
258 2587 350 2626 The
375 2587 522 2625 ‘blaze
537 2589 563 2637 ',
587 2588 686 2626 that
708 2588 759 2637 is,
783 2587 832 2626 of
847 2587 925 2626 the
945 2587 1072 2639 giory
1092 2588 1139 2626 of
1154 2588 1232 2627 the
1252 2587 1423 2627 Roman
1445 2588 1641 2638 Empire.

81 2118 108 2134 fl

215 2652 231 2676 ⁹
264 2651 421 2702 ‘Argi'
457 2664 548 2691 was
578 2652 687 2692 used
718 2653 769 2692 in
800 2654 889 2692 late
920 2654 1008 2692 and
1039 2652 1289 2692 mediaeval
1322 2653 1458 2692 Latin
1486 2653 1555 2693 for
1586 2653 1817 2704 ‘Argivi’;

162 2718 270 2756 thus
299 2717 349 2755 in
378 2716 456 2755 the
483 2719 788 2767 commentary
814 2718 863 2757 of-
887 2719 966 2757 the
993 2717 1446 2769 pseudo-Fulgentius
1471 2730 1528 2758 on
1553 2719 1632 2758 the
1654 2722 1822 2759 Thebaid

162 2793 229 2820 we
259 2781 383 2819 find:
417 2780 602 2830 ‘Argeos
629 2793 768 2832 grece,
801 2782 1085 2831 providentia
1113 2782 1267 2832 latine,
1300 2782 1420 2822 unde
1450 2782 1580 2823 Greci
1609 2783 1823 2823 dicuntur

163 2847 287 2897 Argi,
311 2845 359 2885 id
378 2847 447 2885 est
466 2846 642 2896 providi
655 2847 666 2863 ’
686 2861 696 2896 ;
725 2847 813 2886 and
835 2847 884 2887 in
905 2848 981 2886 the
998 2850 1301 2888 Elementariwm
1321 2851 1524 2889 Doctrinae
1544 2852 1824 2888 Rudimentum
