2054 3380
259 149 363 204 192
692 149 1035 202 LETTERS
1087 149 1183 201 OF
1230 149 1497 201 DANTE

257 291 458 343 stinum
477 291 493 321 ¹
524 292 579 343 in
605 290 742 343 libro
769 292 852 343 De
879 292 1183 352 Quantitate
1209 289 1472 352 Animae?
1497 297 1551 342 et
1582 309 1688 341 non
1725 290 1925 342 invide·
1970 298 1979 307 “

258 377 437 430 bunt.²²
536 378 591 430 Si
641 397 763 429 vero
814 378 868 428 in
933 376 1332 448 dispositionem
1383 376 1693 428 elevationis
1741 383 1926 429 tantae

256 470 480 535 propter
499 465 522 495 ¹³
585 470 861 535 peccatum
917 463 1188 534 loquentis
1254 462 1588 515 oblatrarent
1605 471 1624 493 ⁰
1641 463 1679 527 3,
1742 463 1925 532 legant
1946 480 2025 520 425

151 570 235 608 560
257 551 550 616 Danielem,
602 550 696 603 ubi
765 556 820 603 et
870 549 1364 603 Nabuchodonosor
1413 550 1685 602 invenient
1742 555 1927 602 contra

258 643 558 708 peccatores
599 638 781 707 aliqua
821 637 1013 690 vidisse
1053 635 1328 696 divinitus,
1374 635 1737 706 oblivionique
1778 655 1925 688 man-

257 723 448 777 dasse.4
498 725 637 777 Nam
667 730 680 754 ‘
698 725 801 788 Qui
827 724 955 776 oriri
983 723 1144 776 solem
1169 743 1320 775 suum
1343 723 1475 775 facit
1500 742 1658 794 super
1681 722 1846 776 bonos
1873 729 1928 776 et

152 831 233 869 565
258 810 441 876 maIOS,
483 817 537 863 et
578 810 724 882 pluit
765 830 921 882 super
970 810 1136 863 iustos
1185 816 1241 862 et
1292 810 1518 861 iniustos
1532 810 1587 875 '',5
1638 808 1928 880 aliquando
1963 821 1971 829 “

259 895 707 955 misericorditerd
741 896 809 948 ad
842 897 1234 948 conversionem
1255 905 1291 962 ⁰,
1323 894 1613 967 aliquando
1652 914 1825 948 severe
1858 894 1928 948 ad
1951 909 2033 948 430

257 984 615 1054 punitionem,
642 983 764 1055 plus
791 990 845 1036 et
874 984 1066 1048 minUS,
1094 990 1158 1036 ut
1186 984 1321 1048 vult,
1342 984 1567 1055 gloriam
1596 1002 1742 1036 suam
1761 1002 1928 1055 quan-

256 1077 601 1141 tumcumque
627 1070 763 1123 male
794 1070 1095 1123 viventibus
1123 1071 1442 1124 manifestat.

154 1176 236 1215 570
333 1157 360 1225 ᾧ
385 1156 471 1211 29.
515 1156 661 1210 Vidit
688 1177 829 1228 erg0‚
856 1163 920 1209 ut
945 1156 1096 1222 dicit,
1125 1157 1306 1228 aliqua
1333 1164 1347 1188 ⁶
1367 1143 1504 1229 quae
1543 1157 1736 1210 referre
1761 1157 1931 1209 nescit

258 1250 313 1297 et
353 1245 539 1315 nequit
573 1244 807 1296 rediens'
827 1244 862 1299 ⁰.
939 1244 1245 1314 Diligenter
1280 1245 1478 1318 quippe
1516 1245 1813 1298 notandum
1851 1251 1931 1297 est

312 1378 332 1398 ⁹¹
361 1377 446 1416 Me.
470 1381 502 1415 et
520 1389 599 1415 non
617 1379 822 1415 invideant
839 1378 943 1414 alias
963 1380 998 1414 et
1014 1388 1092 1415 non
1112 1378 1337 1415 invidebunt
1463 1373 1483 1399 b
1512 1373 1588 1415 M.1
1602 1388 1673 1423 per
1797 1378 1813 1398 ‘²
1843 1375 1929 1415 Me.

259 1434 463 1471 oblaterant
569 1427 589 1454 ‘¹
620 1432 705 1471 Me.
727 1434 1031 1470 misericorditus
1140 1434 1156 1453 θ
1185 1431 1238 1471 V.
1264 1431 1399 1470 omits
1422 1435 1475 1470 ad
1494 1433 1774 1470 conversionem

314 1542 330 1568 1
359 1543 421 1583 St.
446 1544 716 1594 Augustine,
738 1543 888 1582 whom
910 1542 1058 1582 Dante
1078 1542 1227 1593 places
1247 1543 1296 1581 in
1317 1543 1397 1582 the
1418 1541 1630 1582 Celestial
1649 1542 1760 1582 Rose
1781 1542 1831 1581 in
1850 1541 1931 1581 the

260 1609 531 1660 Empyrezm,
552 1612 647 1647 Par.
668 1608 806 1647 xxxii.
829 1608 910 1657 353
939 1607 992 1647 cf.
1014 1611 1138 1656 Epist.
1163 1608 1258 1648 viii.
1287 1608 1379 1657 116,
1404 1607 1495 1646 and
1515 1609 1635 1647 note.

313 1673 330 1699 ²
358 1674 400 1714 A
420 1674 546 1713 short
565 1674 703 1723 work,
726 1674 776 1712 in
796 1673 875 1713 the
896 1673 1011 1712 form
1031 1673 1080 1712 of
1101 1687 1126 1713 a
1147 1673 1366 1725 dialogue,
1388 1674 1572 1713 written
1593 1687 1623 1713 c.
1645 1673 1741 1724 388,
1765 1673 1931 1712 within

259 1742 350 1780 two
387 1751 516 1790 years
555 1739 605 1778 of
639 1738 721 1778 St·
741 1737 1031 1789 Augustine's
1064 1739 1326 1778 conversion
1366 1739 1457 1789 (see
1497 1738 1718 1788 Gardner,
1754 1750 1812 1785 op.
1849 1741 1928 1789 cit,

261 1818 334 1857 pp.
367 1805 421 1844 44
433 1804 514 1855 ff.)
559 1799 569 1810 '
584 1805 732 1843 Dante
770 1816 913 1843 seems
951 1806 997 1843 to
1035 1804 1151 1842 have
1188 1803 1282 1843 had
1321 1804 1371 1842 in
1410 1804 1542 1843 mind
1580 1803 1660 1843 the
1698 1803 1932 1854 following

259 1881 441 1921 passage
459 1883 469 1909 z
503 1869 627 1908 ‘Iam
647 1881 752 1908 vero
773 1870 822 1907 in
844 1869 942 1920 ipsa
961 1869 1134 1908 visione
1154 1871 1290 1918 atque
1310 1868 1692 1919 contemplatione
1706 1868 1929 1919 veritatis,

261 1947 375 1986 quae
395 1937 614 1985 septimus
629 1936 767 1984 atque
782 1934 975 1974 ultimus
994 1934 1170 1973 animae
1186 1933 1350 1984 gradus
1370 1936 1437 1973 est
1460 1936 1625 1984 (neque
1645 1934 1737 1972 iam
1753 1933 1929 1983 gradus,

261 2001 340 2040 sed
379 1998 599 2050 quaedam
634 1999 822 2049 mansio,
856 2011 944 2049 quo
976 1998 1071 2037 illis
1102 1998 1315 2049 gradibus
1351 1998 1649 2050 pervenitur),
1686 2010 1800 2048 quae
1838 1998 1932 2037 sint

261 2065 434 2116 gaudia,
457 2076 570 2114 quae
591 2064 829 2114 perfruitio
856 2064 1021 2102 summi
1045 2065 1091 2102 et
1110 2063 1201 2102 veri
1225 2064 1345 2112 boni,
1369 2063 1496 2102 cuius
1519 2064 1778 2102 serenitatis
1797 2064 1932 2113 atque

261 2131 549 2171 aeternitatis
583 2129 771 2180 afflatus,
804 2129 916 2180 quid
950 2141 1029 2180 ego
1065 2129 1247 2168 dicam?
1304 2128 1527 2167 Dixerunt
1558 2129 1668 2167 haec
1706 2131 1931 2178 quantum

262 2195 451 2235 dicenda
488 2206 583 2234 esse
622 2195 951 2245 iudicaverunt,
989 2206 1177 2244 magnae
1216 2193 1435 2243 quaedam
1473 2195 1518 2232 et
1557 2193 1932 2243 incomparabiles

261 2262 452 2310 animae,
477 2271 588 2310 quas
617 2260 757 2298 etiam
786 2259 954 2298 vidisse
979 2270 1028 2298 ac
1056 2258 1210 2298 videre
1236 2259 1322 2297 ista
1346 2257 1582 2297 credimus.
1642 2258 1767 2297 Illud
1795 2259 1932 2309 plane

262 2339 339 2377 ego
376 2338 500 2364 nunc
537 2326 680 2364 audeo
716 2325 802 2363 tibi
845 2323 1008 2375 dicere,
1050 2336 1133 2362 nos
1171 2324 1211 2362 si
1247 2335 1427 2362 cursum
1465 2335 1599 2373 quem
1645 2324 1775 2362 nobis
1813 2324 1933 2363 Deus

264 2391 470 2442 imperat,
501 2391 547 2429 et
577 2402 712 2440 quem
741 2389 995 2428 tenendum
1024 2390 1320 2439 suscepimus,
1342 2389 1705 2428 constantissime
1734 2390 1933 2428 tenueri-

265 2469 376 2505 mus,
400 2456 696 2505 perventuros
715 2467 796 2505 per
814 2455 1045 2494 Virtutem
1065 2453 1151 2492 Dei
1176 2455 1312 2502 atque
1332 2453 1610 2503 Sapientiam
1632 2454 1689 2492 ad
1709 2465 1932 2492 summam

265 2521 393 2560 illam
423 2521 628 2569 Causam,
649 2519 722 2558 vel
751 2530 982 2559 summum
1007 2518 1266 2567 Auctorem,
1289 2517 1363 2556 vel
1390 2530 1620 2557 summum
1650 2518 1933 2568 Principium

265 2599 414 2626 rerum
433 2586 639 2626 omnium
666 2615 677 2626 .
709 2616 720 2627 .
749 2587 785 2624 .'
813 2585 990 2638 (xxxiii.
1017 2583 1105 2635 76).
1165 2584 1234 2624 On
1255 2582 1440 2624 Dante’s
1459 2584 1722 2624 collocation
1742 2583 1791 2623 of
1808 2583 1934 2622 these

265 2652 394 2692 three
414 2652 627 2702 mystical
647 2651 838 2702 writers,
861 2661 932 2690 see
952 2649 1169 2700 Gardner,
1193 2661 1250 2696 op.
1272 2653 1351 2700 cit„
1374 2662 1447 2700 pp.
1468 2650 1590 2689 42-3.

320 2716 336 2741 3
365 2716 431 2756 Cf.
454 2717 535 2755 the
556 2715 732 2755 similar
750 2728 827 2754 use
849 2715 897 2754 of
909 2718 1056 2754 latrare
1076 2715 1127 2753 in
1148 2717 1258 2753 Conv.
1277 2714 1336 2753 iv.
1359 2715 1399 2764 3,
1423 2714 1452 2754 1.
1475 2714 1543 2753 59.

322 2781 338 2805 ⁴
366 2785 469 2822 Dan.
500 2782 548 2820 ii.
580 2782 673 2820 3-5.
734 2781 804 2820 On
839 2778 1023 2819 Dante's
1056 2780 1404 2829 interpretation
1438 2778 1486 2817 of
1514 2779 1609 2818 this
1637 2791 1831 2829 passage,
1863 2790 1934 2816 see

269 2848 431 2895 Moore‚
452 2851 620 2897 studies,
644 2847 711 2886 iii.
732 2847 828 2886 342.

329 2911 346 2937 5
367 2916 477 2951 Matt.
498 2925 540 2950 v.
562 2912 629 2950 45.
1016 2910 1042 2951 ⁷⁶
1069 2912 1162 2948 Par.
1185 2910 1214 2950 i.
1240 2909 1279 2948 6.
