2054 3380
725 145 1096 197 EPISTOLA
1145 145 1219 197 VI
1724 145 1792 198 71

144 283 252 335 sine
297 303 441 335 more
483 284 688 348 fovetis,
735 285 1052 337 reluctantia
1093 285 1196 337 ista
1239 284 1527 348 iuvabitur,
1565 284 1657 337 sed
1701 284 1799 336 hac
1821 299 1872 338 65

71 382 121 419 90
143 368 328 421 obicea
359 369 484 421 iusti
511 370 648 442 regis
681 369 940 422 adventus
974 370 1392 424 inflammabitur
1424 370 1650 441 amplius
1665 369 1704 434 ¹³,
1739 390 1800 422 ac

144 455 424 526 indignata
458 456 812 509 misericordia
845 476 1049 527 semper
1084 458 1441 509 concomitans
1469 459 1580 509 eius
1605 457 1799 509 exerci-

143 548 257 594 tum
297 542 568 606 avolabit;
608 549 662 595 et
696 561 802 613 quo
843 542 1003 595 falsae
1041 543 1307 596 libertatis
1345 543 1584 596 trabeam
1603 542 1621 572 ¹
1660 543 1798 596 tueri

74 641 123 679 95
146 629 474 694 existimatiS,
501 648 562 681 eo
588 648 740 681 verae
766 630 1037 681 servitutis
1072 630 1127 695 in
1162 629 1428 699 ergastula
1461 628 1746 682 concidetis
1786 670 1798 682 .

148 715 289 766 Miro
315 734 541 786 namque
567 715 668 768 Dei
694 714 890 767 iudicio
917 714 1235 786 quandoque
1260 716 1347 786 agi
1369 715 1682 769 credendum
1703 721 1799 780 est,
1824 730 1877 770 70

148 806 207 853 ut
245 801 382 853 unde
420 801 583 870 digna
620 800 882 872 supplicia
917 801 1150 873 impiusd
1187 801 1450 854 declinare
1487 801 1799 865 arbitratur,

150 887 268 939 inde
285 895 303 918 θ
331 889 385 940 in
411 907 472 940 ea
495 888 706 958 gravius
731 888 1144 959 praecipitetur3
1183 893 1238 940 et
1263 888 1355 959 qui
1382 887 1592 940 divinae
1618 888 1802 940 volun-

49 985 128 1025 100
149 975 250 1027 tati
296 975 586 1050 reluctatus
633 981 714 1027 est
757 981 812 1027 et
859 976 1023 1028 sciens
1066 981 1122 1028 et
1167 975 1360 1039 volens,
1398 974 1565 1028 eidem
1605 974 1804 1027 militet

148 1061 374 1112 nesciens
399 1067 562 1131 atque
585 1060 807 1114 nolens.2

222 1149 324 1217 §th
353 1147 627 1200 ’videbitis
674 1147 913 1200 aedificia
963 1154 1137 1200 vestra
1179 1167 1284 1200 non
1329 1149 1629 1201 necessitati
1678 1167 1803 1218 pru·
1826 1162 1880 1202 75

150 1233 335 1287 denter
377 1235 652 1299 instructa,
692 1233 782 1286 sed
825 1233 1023 1286 delitiis
1067 1234 1362 1287 inconsulte
1402 1240 1626 1295 mutata,
1667 1253 1804 1305 quae

50 1336 128 1374 105
150 1321 406 1392 Pergama
423 1320 659 1373 rediviva
675 1322 694 1351 3
722 1339 827 1372 non
849 1321 1088 1391 cingunt,
1106 1326 1216 1373 tam
1238 1321 1404 1374 ariete
1421 1339 1586 1384 ruere,
1607 1320 1802 1383 tristeS‚

150 1422 308 1474 quam
353 1404 474 1475 igne
523 1404 758 1457 cremari.
839 1403 1099 1457 videbitis
1148 1403 1356 1474 plebem
1399 1404 1805 1474 circumquaque

152 1491 412 1543 furentem
451 1510 590 1543 nunc
626 1491 681 1542 in
717 1490 1000 1554 contraria,
1038 1509 1137 1562 pro
1171 1495 1226 1543 et
1256 1495 1457 1550 contra..
1493 1487 1715 1542 deindef
1749 1485 1804 1541 in

55 1592 130 1631 110
151 1576 288 1629 idem
316 1577 562 1629 adversus
588 1597 679 1629 vos
707 1575 972 1629 horrenda
1005 1575 1340 1639 clamantem,
1367 1576 1617 1647 quoniam
1651 1574 1807 1627 simul
1828 1589 1882 1630 80

150 1669 206 1716 et
222 1672 246 1704 8
293 1664 467 1715 ieiuna
482 1662 508 1694 ¹²
556 1668 611 1716 et
652 1662 845 1715 timida
887 1663 1054 1716 nescit
1093 1661 1241 1716 esse.4
1331 1661 1558 1734 Templa
1599 1681 1808 1734 quoque

152 1749 391 1821 spoliata,
442 1748 683 1819 quotidie
732 1755 1097 1802 matronarum
1153 1750 1491 1820 frequentata
1537 1767 1807 1811 concurSU,

151 1835 501 1907 parvulosque
533 1835 854 1889 admirantes
887 1841 944 1889 et
974 1836 1161 1888 inscios
1187 1841 1405 1907 peccata
1426 1841 1642 1907 patrum
1665 1834 1810 1888 luere

57 1929 131 1970 115
151 1921 480 1975 destinatos⁵
514 1921 691 1976 videre
723 1921 946 1994 pigebit.
1023 1923 1100 1974 Et
1125 1923 1166 1974 si
1193 1941 1448 1994 praesaga
1481 1942 1624 1975 mens
1641 1923 1660 1952 ⁶
1695 1940 1812 1974 mea

207 2062 226 2082 ⁸
255 2059 343 2099 MS.
368 2063 475 2099 abice
601 2057 621 2082 b
649 2058 738 2098 MS.
762 2061 923 2107 ampius
1051 2062 1068 2082 ⁰
1098 2059 1186 2099 MS.
1211 2062 1420 2098 cancidetz's
1542 2054 1561 2080 ἃ
1593 2057 1681 2096 MS.
1704 2059 1812 2104 ipius

153 2129 171 2148 θ
200 2125 290 2164 MS.
311 2127 415 2163 unde
524 2118 538 2146 f
568 2123 655 2163 MS.
678 2127 783 2163 unde
891 2127 910 2152 ⁸
938 2123 1028 2164 MS.
1054 2124 1188 2163 omits
1208 2128 1242 2162 et
1349 2119 1371 2145 ¹¹
1401 2122 1491 2162 MS.
1516 2125 1666 2162 iemma

209 2233 223 2260 ¹
256 2238 415 2286 Trabea,
434 2234 585 2274 which
609 2234 837 2274 Fraticelli
858 2234 1044 2273 renders
1064 2234 1122 2284 by
1140 2237 1151 2254 ‘
1164 2231 1415 2284 bandiera’,
1437 2232 1526 2271 and
1546 2232 1737 2271 Latham
1756 2231 1816 2280 by

155 2305 166 2324 ‘
182 2302 285 2340 robe
298 2299 322 2351 '‚
346 2301 385 2338 is
400 2300 505 2339 here
520 2299 629 2339 used
645 2301 696 2339 in
710 2300 791 2340 the
806 2300 1056 2339 mediaeval
1074 2311 1212 2347 sense,
1231 2298 1469 2349 explained
1486 2299 1545 2348 by
1559 2297 1815 2348 Uguccione

156 2367 212 2406 da
232 2367 335 2405 Pisa
354 2365 444 2404 and.
464 2366 689 2406 Giovanni
716 2366 773 2405 da
802 2366 982 2405 Genova
1002 2377 1049 2404 as
1072 2364 1294 2414 ‘porticus
1313 2365 1431 2402 tecta
1451 2362 1690 2413 trabibus’,
1714 2361 1816 2400 that

156 2434 196 2471 is
217 2430 429 2481 literally,
449 2442 475 2469 a
495 2433 505 2451 ‘
521 2431 658 2480 porch
672 2430 694 2469 '.
1182 2427 1199 2452 2
1226 2428 1291 2467 Of.
1312 2431 1439 2475 Epist.
1460 2440 1500 2467 v.
1531 2427 1704 2466 135-41.

210 2494 226 2520 3
256 2495 319 2534 As
354 2495 502 2534 Moore
536 2498 662 2534 notes
694 2496 744 2533 in
775 2498 930 2534 studies
961 2498 1006 2533 in
1038 2498 1161 2532 Dante
1195 2493 1244 2544 (i.
1282 2494 1392 2543 179),
1426 2491 1568 2542 Virgss
1602 2492 1652 2530 in
1686 2491 1814 2529 three

156 2572 356 2611 passages
376 2559 426 2598 in
445 2560 524 2599 the
543 2564 694 2599 Aeneid
714 2560 791 2611 (iv.
817 2560 896 2598 344
914 2573 924 2608 ;
954 2560 1029 2599 vii.
1054 2559 1135 2597 322
1153 2573 1164 2608 ;
1193 2570 1237 2598 x.
1257 2558 1329 2609 58)
1350 2557 1505 2608 speaks
1527 2557 1574 2595 of
1594 2554 1816 2594 ‘recidiva

159 2624 406 2675 Pergama',
439 2625 506 2663 sor
533 2625 687 2664 which
716 2626 764 2663 in
794 2627 884 2663 two
912 2627 990 2663 out
1019 2623 1067 2662 of
1090 2624 1169 2662 the
1198 2623 1327 2662 three
1357 2623 1485 2661 there
1514 2623 1554 2660 is
1581 2633 1607 2659 a
1635 2620 1815 2660 variant

161 2691 429 2740 ‘rediviva'‚
449 2691 600 2729 which
630 2703 688 2729 no
718 2690 856 2729 doubt
885 2702 977 2729 was
1007 2690 1084 2729 the
1113 2689 1299 2738 reading
1326 2687 1374 2726 of
1397 2687 1476 2726 the
1506 2687 1595 2726 MS.
1618 2685 1728 2725 used
1757 2686 1816 2734 by

161 2757 322 2795 Dante.
443 2754 459 2779 ⁴
488 2755 654 2807 Lucan,
673 2759 811 2795 Phars.
834 2755 901 2794 iii.
920 2755 973 2793 58
992 2768 1002 2793 ε
1031 2757 1040 2775 ‘
1057 2754 1209 2793 Nescit
1229 2752 1378 2803 plebes
1398 2752 1552 2790 ieiuna
1570 2752 1731 2791 timere
1745 2750 1772 2790 '.

216 2819 231 2843 ⁵
261 2820 326 2859 Of.
350 2822 439 2859 Par.
461 2819 519 2859 vi.
538 2819 702 2857 109-10
719 2833 730 2858 :
761 2821 772 2841 ‘
787 2819 922 2858 Molte
942 2819 1045 2857 fiate
1064 2818 1135 2868 gia
1154 2818 1337 2868 pia-nser
1356 2816 1391 2854 li
1410 2815 1506 2866 figli
1525 2816 1610 2854 Per
1630 2815 1673 2854 la
1692 2814 1817 2863 colpa

159 2885 233 2924 del
255 2884 389 2935 padre
406 2884 431 2923 '.
751 2883 769 2908 ⁶
799 2883 864 2923 Cf.
888 2887 989 2923 Aen.
1013 2895 1054 2922 x,
1078 2883 1182 2922 843:
1217 2884 1448 2932 ‘praesaga
1467 2879 1577 2920 mali
1597 2879 1758 2919 mens’.
