2054 3380
673 158 1045 210 EPISToLA
1094 159 1226 211 v111
1651 131 1779 212 '125

115 291 294 338 broken
327 308 405 351 up,
427 294 509 340 the
540 294 626 341 See
657 294 896 341 remained
924 298 1092 342 vacant
1117 297 1190 342 for
1215 311 1342 343 more
1370 297 1490 344 than
1517 300 1611 344 two
1632 313 1780 356 years,

115 364 240 410 until
274 367 326 410 at
362 366 457 411 last
491 381 520 412 a
557 367 807 414 candidate
836 382 929 413 was
967 370 1138 427 agreed
1172 384 1299 427 upon
1333 370 1385 414 in
1416 370 1502 416 the
1533 385 1700 428 person
1732 369 1784 415 of

115 488 274 527 amicis
294 490 555 540 carissimis,
578 491 865 529 miseratione
886 489 1044 529 divina
1062 490 1224 531 fratres
1253 492 1464 532 Nicolaus
1489 493 1709 533 Ostiensis
1736 495 1781 533 et

115 553 404 594 Vellitrensis
425 555 679 606 Episcopus,
703 555 744 595 N
746 554 924 607 eapoleo
944 556 1090 595 sancti
1109 556 1316 607 Adriani,
1338 557 1616 597 Guillermus
1634 558 1781 597 sancti

113 617 287 658 Nicolai
302 619 353 658 in
368 631 541 659 carcere
559 620 781 671 Tulliano,
802 620 1064 677 Franciscus
1085 623 1263 661 sanctae
1279 622 1445 662 Mariae
1460 623 1511 662 in
1524 622 1778 672 Gosmedin,

113 684 158 723 et
194 684 383 724 Iacobus
425 688 470 725 et
511 685 672 726 Petrus
714 687 769 726 de
810 686 1031 727 Columna
1067 689 1247 727 sanctae
1290 688 1515 727 Romanae
1556 688 1779 727 Ecclesiae

115 747 304 788 Diaconi
325 748 596 801 Cardinales,
621 750 814 790 salutem
833 754 879 791 et
898 753 1120 791 sinceram
1140 753 1191 791 in
1216 753 1412 792 Domino
1431 754 1676 793 caritatem.
1699 782 1710 792 .
1730 782 1741 793 .
1765 783 1775 793 .

114 812 237 852 Dum
257 826 339 853 nos
357 815 402 854 et
420 815 502 854 alii
521 815 742 855 Ecclesiae
762 815 988 856 Romanae
1003 816 1266 856 cardinales
1286 819 1384 868 post
1405 818 1577 857 obitum
1595 818 1780 857 Domini

115 877 362 918 Clementis
392 879 535 930 Papae
566 881 720 930 quinti
752 893 948 921 essemus
980 881 1030 920 in
1061 882 1226 933 palatio
1258 883 1455 922 civitatis
1490 884 1779 934 Carpentora-

115 943 257 983 tensis
298 943 356 983 ad
401 944 662 996 eligendum
707 945 912 986 futurum
962 958 1192 986 summum
1240 947 1519 998 Pontificem,
1568 948 1648 988 sub
1690 960 1781 988 uno

115 1008 331 1056 conclavi,
362 1011 407 1048 et
442 1021 525 1049 nos
557 1009 822 1050 Cardinales
854 1010 1022 1062 Italici,
1056 1023 1149 1050 non
1184 1013 1447 1062 quaerentes
1480 1025 1593 1063 quae
1627 1014 1781 1052 nostra

115 1074 235 1125 sunt,
267 1074 345 1113 sed
372 1087 484 1124 quae
514 1075 611 1123 Dei,
634 1075 848 1126 neglectis
878 1076 1182 1126 singularibus
1210 1077 1519 1117 affectionibus
1546 1079 1781 1129 reciprocis

114 1138 164 1176 in
213 1150 295 1177 nos
341 1140 472 1191 ipsos,
521 1141 776 1191 peteremus
822 1141 1055 1181 hominem
1105 1140 1163 1180 ad
1210 1142 1502 1182 sustinendas
1548 1142 1781 1182 columnas

115 1202 351 1255 Ecclesiae,
390 1206 469 1255 qui
502 1205 671 1245 dictam
705 1205 952 1246 Ecclesiam
991 1205 1278 1246 reformando
1310 1206 1537 1258 dirigeret,
1575 1210 1779 1257 essetque

114 1268 165 1306 in
198 1267 283 1308 hoc
316 1271 500 1309 tantum
533 1272 687 1310 nostra
721 1271 872 1310 omnis
905 1283 1022 1322 cura,
1057 1271 1204 1310 omnis
1233 1272 1441 1322 intentio,
1473 1272 1550 1311 hic
1578 1272 1776 1322 affectus,

116 1333 262 1372 subito
291 1334 527 1385 Vascones,
565 1347 642 1375 seu
680 1335 801 1385 quod
835 1335 998 1375 libram
1038 1336 1261 1376 examinis
1295 1336 1377 1375 sub
1414 1335 1568 1376 futuro
1604 1349 1780 1375 summo

115 1398 334 1439 Pontifice
369 1402 484 1440 teste
517 1402 792 1440 conscientia
826 1400 1140 1451 formidarent,
1170 1413 1247 1441 seu
1278 1401 1397 1451 quod
1430 1413 1658 1441 armorum
1689 1402 1780 1440 v-io-

115 1463 260 1503 lentia
292 1464 524 1504 crederent
557 1465 831 1504 hereditario
865 1465 962 1504 iure
998 1465 1078 1504 Dei
1113 1466 1421 1505 sanctuarium
1453 1466 1691 1517 possidere,
1725 1479 1780 1504 ex

114 1527 359 1570 deliberato
392 1532 527 1579 atque
559 1532 798 1581 proposito,
830 1532 988 1570 tamen
1023 1532 1105 1570 sub
1139 1531 1324 1582 palliato
1358 1532 1517 1582 colore,
1547 1532 1779 1571 deferendi

114 1593 324 1634 videlicet
360 1607 518 1645 corpus
551 1595 750 1635 eiusdem
785 1595 944 1646 Papae,
977 1596 1027 1634 in
1059 1596 1233 1646 copiosa
1263 1595 1467 1647 peditum
1497 1598 1542 1636 et
1572 1598 1779 1647 equitum

114 1661 389 1699 armatorum
417 1660 719 1699 multitudine
748 1663 1070 1712 convenerunt,
1101 1663 1146 1700 et
1178 1661 1319 1701 scelus
1346 1662 1465 1713 quod
1493 1664 1646 1702 mente
1676 1675 1779 1702 con-

115 1726 325 1775 ceperant
354 1725 648 1776 producentes
678 1726 730 1764 in
758 1726 923 1776 actum,
957 1726 1029 1764 die
1062 1737 1171 1766 xxw
1198 1726 1309 1765 Iulii
1338 1737 1461 1765 arma
1491 1729 1781 1777 sumpserunt

114 1788 288 1841 bellica,
330 1791 376 1829 et
418 1791 500 1829 sub
549 1790 832 1830 ordinatione
881 1790 1122 1830 Bertrandi
1171 1791 1226 1830 de
1274 1792 1393 1831 Guto
1436 1794 1481 1830 et
1523 1791 1780 1843 Raymundi

115 1853 359 1894 Guillermi
397 1855 583 1894 Domini
622 1855 766 1906 Papae
806 1857 1016 1906 nepotum
1061 1856 1293 1895 civitatem
1331 1857 1779 1907 Carpentoratensem

114 1919 353 1970 intrantes,
377 1922 545 1961 multos
575 1920 765 1960 curiales
794 1921 991 1970 Italicos,
1021 1934 1123 1961 cum
1149 1922 1234 1961 soli
1259 1921 1412 1962 Italici
1438 1922 1700 1972 peterentur
1722 1923 1778 1961 ad

115 1987 320 2035 mortem,
340 1986 654 2026 inhumaniter
679 1985 976 2036 trucidarunt,
1000 1987 1045 2026 et
1069 1998 1114 2025 se
1143 1987 1200 2025 ad
1226 1986 1440 2036 praedam
1466 1988 1780 2026 convertentes

115 2051 161 2090 et
198 2050 354 2101 spolia,
389 2051 614 2090 crescente
652 2050 774 2089 rabie
808 2062 858 2089 ac
891 2051 949 2089 ad
986 2051 1185 2090 crudelia
1223 2051 1498 2090 fervescente
1530 2050 1693 2102 furore,
1728 2050 1777 2089 in

117 2116 305 2156 diversis
335 2118 534 2156 civitatis
562 2116 766 2167 partibus
797 2116 1009 2156 incendia
1036 2118 1297 2167 posuerunt.
1355 2117 1446 2156 Nec
1475 2116 1532 2155 iis
1560 2117 1775 2166 contenti,

115 2181 417 2232 plurimorum
451 2181 763 2221 Cardinalium
800 2193 855 2220 ex
891 2181 1022 2221 nobis
1059 2181 1255 2232 hospitia
1293 2181 1418 2220 duris
1455 2181 1698 2220 insultibus
1731 2183 1776 2220 et

116 2247 295 2287 iniectis
326 2248 508 2298 ignibus
539 2246 816 2298 invadentes,
848 2246 966 2285 bella
996 2247 1165 2285 ibidem
1195 2248 1410 2285 acerrima
1440 2258 1542 2285 cum
1573 2246 1777 2296 clangore

115 2313 327 2352 tubarum
346 2313 574 2353 hostiliter
594 2313 864 2352 intulerunt.
914 2311 1226 2351 Invalescente
1245 2311 1435 2350 tandem
1450 2310 1638 2361 graviori
1662 2312 1778 2361 peri-

117 2377 217 2416 culo
236 2379 281 2416 et
296 2377 573 2428 gravissimo,
590 2378 706 2416 sicut
725 2378 776 2416 in
796 2377 939 2427 captis
958 2377 1218 2416 civitatibus
1237 2375 1407 2426 assolet,
1427 2375 1777 2414 increbrescente

116 2454 310 2490 rumore,
330 2442 574 2482 multitudo
594 2443 847 2482 Vasconum
874 2444 919 2482 et
939 2443 1147 2492 equitum
1174 2443 1450 2481 armatorum
1476 2441 1640 2480 ostium
1666 2439 1778 2480 dicti

117 2507 341 2547 conclavis
370 2508 542 2547 obsedit
570 2507 860 2547 acclamando
888 2511 1111 2547 Moriantur
1138 2509 1363 2545 cardinales
1390 2509 1524 2545 Italici
1533 2521 1550 2554 ;
1592 2508 1779 2545 Volumus

115 2576 279 2622 Papam,
311 2575 487 2612 volumus
515 2577 696 2623 Papam;
739 2575 783 2612 et
817 2574 929 2624 ipsis
963 2573 1013 2611 in
1046 2571 1307 2611 huiusmodi
1341 2571 1662 2610 acclamatione
1693 2570 1778 2610 fre-

118 2639 361 2688 mentibus,
409 2638 501 2677 alia
555 2638 804 2678 multitudo
850 2639 1104 2678 Vasconum
1165 2639 1209 2676 et
1250 2637 1456 2686 equitum
1503 2637 1775 2676 armatorum

117 2703 313 2754 plateam
362 2702 474 2742 dicti
520 2703 743 2742 conclavis
786 2703 968 2753 invasit,
1014 2701 1238 2741 similibus
1285 2700 1561 2740 circumdato
1607 2700 1775 2751 palatio

116 2769 299 2807 vocibus
318 2766 618 2808 acclamando.
677 2767 767 2807 Nos
786 2779 890 2807 vero
918 2766 1108 2818 praefati
1136 2765 1398 2806 Cardinales
1417 2765 1569 2804 Italici
1588 2766 1775 2805 circum-

117 2833 233 2884 septi
248 2832 391 2872 tantis
405 2833 624 2883 angustiis
637 2833 683 2870 et
695 2832 813 2872 mori
826 2834 922 2871 tam
935 2831 1131 2882 turpiter
1142 2832 1236 2869 tam
1252 2829 1496 2869 crudeliter
1507 2831 1773 2881 metuentes,

119 2910 218 2938 cum
243 2897 395 2936 omnia
422 2897 592 2936 circum
619 2897 826 2936 conclave
853 2898 1127 2936 armatorum
1154 2894 1401 2934 multitudo
1419 2896 1608 2946 teneret,
1629 2906 1775 2944 neque
