2054 3380
745 134 1113 187 EPISTOLA
1163 135 1207 185 V
1736 135 1802 186 51

143 273 279 325 citra
293 273 524 326 medium
541 274 791 347 plectens,
803 274 946 327 ultra
962 274 1193 327 medium
1209 275 1553 346 praemiando
1563 283 1586 307 ⁸
1605 294 1658 327 se
1668 276 1801 346 figit.

144 361 301 411 Anne
317 366 599 431 propterea
617 379 844 431 nequam
852 361 1127 414 hominum
1135 360 1430 432 applaudet
1445 360 1690 413 audacias
1698 361 1739 424 b,
1749 368 1804 414 et

68 458 119 497 45
143 444 290 497 initis
307 453 326 476 ⁰
344 443 362 475 1
389 447 876 518 praesumptionum
904 446 1133 518 poculad
1157 448 1473 519 propinabit
1491 447 1550 499 2?
1624 447 1803 511 Absit,
1826 467 1877 506 35

141 532 392 600 quoniam
416 535 693 605 Augustus
720 540 815 587 est.
891 535 970 586 Et
999 534 1041 586 si
1062 533 1357 605 AugustuS‚
1376 553 1550 586 nonne
1575 534 1804 605 relapso-

196 642 215 661 a
243 639 290 679 Ρ.
306 643 512 687 prdiando
619 638 639 665 b
667 641 712 681 Ο.
733 644 915 680 audaciis
1023 644 1040 665 ⁰
1069 642 1116 682 Ο.
1141 644 1273 680 initiis
1382 637 1402 664 ¹¹
1432 641 1478 680 P.
1496 643 1668 689 procula,
1691 641 1804 680 with

141 707 245 744 alias
255 709 397 752 pocula
416 707 600 745 written
620 707 757 745 above

141 782 303 833 plateis
334 787 605 836 straverunt,
635 784 880 824 fundentes
910 785 1130 825 lacrimas.
1192 786 1482 824 Percontatus
1510 785 1660 835 itaque
1695 784 1806 824 Con-

143 849 371 888 stantinus
400 850 629 901 Augustus
657 863 745 900 qua
775 850 829 890 de
863 863 997 890 causa
1030 850 1275 890 multitudo
1303 850 1413 889 haec
1441 850 1684 889 mulierum
1718 850 1807 890 ista

140 916 316 969 faceret,
337 918 499 959 didicit
513 919 595 958 has
614 922 782 958 matres
800 931 893 958 esse
908 919 1106 958 filiorum
1123 931 1276 958 eorum
1294 930 1486 968 quorum
1507 919 1806 958 effundendus

139 983 234 1021 erat
254 984 448 1033 sanguis,
467 983 645 1023 tamdiu
660 996 891 1034 quousque
905 984 1079 1034 piscina
1094 984 1356 1034 repleretur,
1376 983 1426 1022 in
1442 996 1578 1034 quam
1595 983 1805 1024 medendi

140 1059 271 1086 causa
289 1046 510 1088 lavandus
526 1049 817 1089 descenderet
831 1051 877 1089 et
893 1049 1132 1089 sanandus
1175 1049 1301 1088 Tunc
1316 1049 1560 1100 imperator
1574 1050 1805 1089 exhorruit

139 1112 327 1164 facinus,
369 1115 413 1152 et
452 1126 497 1153 se
539 1115 770 1154 tantorum
809 1114 1053 1154 criminum
1098 1126 1223 1153 reum
1261 1113 1354 1153 fore
1399 1115 1519 1166 apud
1557 1114 1802 1154 Dominum

138 1178 402 1218 existimans
430 1181 649 1229 quantum
681 1182 796 1218 esset
824 1192 1040 1219 numerus
1066 1192 1320 1230 puerorum,
1343 1180 1456 1219 vicit
1484 1179 1801 1220 crudelitatem

138 1243 403 1292 pontificum
440 1245 584 1294 pietas
620 1245 812 1284 Romani
854 1245 1048 1296 imperii,
1089 1246 1134 1284 et
1170 1256 1471 1296 prorumpens
1505 1246 1556 1284 in
1593 1245 1801 1285 lacrimas

138 1307 270 1346 iussit
290 1310 407 1347 stare
428 1321 668 1360 carrucam,
691 1312 735 1349 et
763 1310 938 1361 erigens
964 1322 1011 1349 se
1040 1321 1284 1349 convocans
1303 1311 1537 1350 universos
1556 1310 1675 1349 clara
1695 1322 1800 1350 voce

137 1372 279 1412 dixit:
309 1373 479 1413 Audite
505 1386 591 1424 me,
620 1376 804 1415 comites
829 1377 873 1413 et
903 1374 1248 1425 commilitones,
1280 1375 1324 1413 et
1353 1387 1510 1414 omnes
1537 1374 1693 1426 populi
1721 1376 1799 1425 qui

137 1437 339 1486 adstatis,
362 1439 551 1478 Romani
580 1440 759 1489 imperii
781 1440 978 1490 dignitas
1005 1439 1061 1478 de
1085 1439 1211 1479 fonte
1238 1440 1440 1479 nascitur
1459 1441 1652 1490 pietatis.
1709 1439 1800 1480 Cur

137 1515 238 1554 ergo
275 1516 522 1555 proponam
559 1505 695 1545 salutl
733 1518 857 1545 meae
896 1505 1088 1545 salutem
1131 1505 1286 1556 populi
1322 1506 1590 1546 innocentis.
1669 1506 1798 1546 Nunc

137 1574 287 1609 autem
317 1573 373 1610 ab
402 1572 616 1611 effusione
645 1572 822 1612 innoxii
852 1574 1085 1623 sanguinis
1113 1573 1387 1612 sententiam
1415 1573 1697 1613 crudelitatis
1727 1585 1800 1612 ex-

137 1635 327 1677 cludam.
389 1637 549 1676 Melius
573 1640 642 1677 est
666 1639 789 1678 enim
814 1651 895 1689 pro
921 1639 1064 1677 salute
1090 1639 1385 1678 innocentum
1412 1640 1528 1678 mori
1555 1651 1690 1689 quam
1722 1651 1800 1690 per

136 1700 375 1741 interitum
406 1715 559 1742 eorum
588 1704 731 1743 vitam
759 1715 1021 1754 recuperare
1050 1704 1291 1754 crudelem,
1325 1716 1461 1754 quam
1491 1706 1647 1743 tamen
1675 1716 1798 1743 recu-

136 1777 289 1815 perare
304 1766 528 1807 incertum
544 1769 623 1819 est,
640 1781 745 1808 cum
757 1771 928 1808 certum
947 1770 1006 1808 sit
1022 1770 1071 1808 in
1087 1770 1344 1820 recuperata
1356 1781 1450 1808 esse
1464 1769 1720 1808 crudelitas.
1736 1798 1745 1807 .
1763 1800 1772 1809 .
1791 1799 1798 1807 .

135 1830 298 1870 Vincat
318 1843 400 1871 nos
419 1834 562 1884 pietas
582 1833 632 1872 in
652 1833 739 1872 isto
759 1846 1008 1884 congressu.
1057 1835 1170 1873 Vere
1189 1834 1313 1873 enim
1333 1835 1538 1873 omnium
1559 1834 1798 1874 adversan-

134 1895 252 1934 tium
271 1898 518 1946 poterimus
544 1910 639 1937 esse
664 1898 855 1937 victores
881 1899 919 1938 si
946 1911 972 1938 a
999 1899 1091 1938 sola
1110 1898 1279 1949 pietate
1299 1899 1536 1938 vincamur
1551 1913 1561 1948 ;
1591 1900 1795 1939 omnium

135 1960 256 1999 enim
290 1964 442 2001 rerum
476 1974 523 2002 se
554 1975 647 2002 esse
680 1963 917 2002 dominum
952 1965 1209 2014 comprobat
1241 1964 1320 2013 qui
1348 1975 1506 2003 verum
1536 1977 1581 2003 se
1615 1977 1795 2004 servum

135 2026 382 2066 ostenderit
402 2040 496 2067 esse
512 2029 709 2078 pietatis.
765 2029 878 2068 Cum
893 2029 950 2068 ad
966 2029 1101 2068 istam
1119 2029 1397 2068 conctionem
1415 2029 1562 2067 omnis
1577 2030 1799 2068 exercitus

135 2091 370 2141 omnisque
391 2093 579 2143 populus
601 2093 855 2133 diutissime
881 2093 1178 2143 acclamasset,
1203 2093 1314 2133 item
1342 2095 1626 2133 contionatus
1651 2094 1767 2134 dixit
1788 2107 1797 2132 ε

134 2155 275 2195 Iussit
294 2157 437 2207 pietas
458 2158 656 2198 Romana
675 2157 793 2197 filios
813 2159 905 2198 suis
924 2159 1146 2198 matribus
1173 2158 1315 2208 reddi,
1338 2160 1390 2197 ut
1410 2158 1599 2198 dulcedo
1618 2159 1795 2199 reddita

133 2219 330 2260 filiorum
349 2222 701 2262 amaritudinem
726 2223 1015 2263 lacrimarum
1044 2223 1264 2262 obdulcet.
1327 2224 1386 2262 Et
1409 2223 1518 2263 haec
1538 2224 1690 2264 dicens
1709 2224 1796 2263 iter

133 2286 252 2335 quod
272 2287 524 2337 arripuerat
543 2288 683 2328 eundi
702 2289 759 2328 ad
786 2288 1058 2339 Capitolium
1087 2288 1293 2327 deferens
1311 2288 1369 2327 ad
1393 2287 1613 2339 palatium
1634 2288 1770 2329 rediit
1783 2290 1794 2304 '

134 2350 226 2402 (fol.
250 2352 376 2405 32V0).
439 2354 539 2405 (See
558 2357 662 2394 Mod.
683 2357 809 2403 Lanq.
830 2358 922 2395 Rev.
948 2356 1040 2395 xiv.
1061 2354 1231 2404 326-7.)

189 2415 206 2441 ¹
232 2417 365 2458 From
380 2421 502 2459 neut.
521 2420 637 2470 plur.
652 2423 756 2460 inita
772 2420 881 2460 used
897 2433 944 2459 as
959 2433 984 2460 a
1001 2420 1281 2460 substantive
1299 2433 1310 2469 ;
1338 2421 1449 2459 initis
1462 2420 1500 2459 is
1516 2420 1593 2459 the
1609 2421 1794 2472 reading

133 2482 179 2522 of
204 2484 313 2522 both
343 2484 480 2535 MSS„
504 2486 594 2524 and
624 2486 660 2524 it
689 2486 728 2524 is
758 2485 1000 2536 indirectly
1021 2484 1264 2525 confirmed
1293 2485 1351 2534 by
1371 2485 1449 2523 the
1475 2485 1598 2535 early
1623 2485 1791 2525 Italian

132 2548 414 2599 translation,
439 2549 487 2588 in
510 2549 660 2589 which
691 2551 770 2589 the
790 2550 959 2600 wholly
980 2551 1225 2589 irrelevant
1246 2548 1391 2588 words
1414 2549 1566 2589 ‘dolce
1587 2562 1610 2588 e
1630 2551 1765 2600 piano
1780 2551 1791 2567 ’

130 2626 274 2661 occur,
293 2614 445 2654 which
465 2627 523 2654 no
543 2615 682 2654 doubt
700 2617 740 2654 is
761 2616 838 2654 the
865 2615 1147 2655 translator’s
1165 2614 1407 2664 rendering
1433 2614 1481 2653 of
1501 2617 1621 2666 mitis,
1644 2605 1792 2655 either

131 2678 203 2717 his
221 2691 322 2717 own
343 2691 393 2717 or
411 2692 435 2717 a
455 2678 661 2729 copyist's
682 2680 955 2730 misreading
976 2680 1023 2718 of
1039 2681 1118 2719 the
1133 2683 1245 2719 initis
1265 2679 1310 2718 of
1331 2681 1408 2718 the
1429 2679 1561 2718 Latin
1582 2680 1788 2730 original.

185 2742 201 2767 ²
228 2744 336 2783 This
355 2743 491 2795 word,
513 2745 664 2784 which
691 2746 730 2784 is
756 2746 999 2796 registered
1019 2746 1078 2796 by
1098 2745 1323 2785 Giovanni
1342 2745 1399 2783 da
1425 2745 1607 2784 Genova
1631 2745 1681 2784 in
1710 2746 1789 2785 the

130 2811 357 2855 Οαέὴοῐίσοη,
382 2821 532 2848 occurs
550 2810 719 2849 several
745 2811 880 2849 times
906 2811 953 2848 in
981 2810 1060 2849 the
1079 2811 1281 2860 Vulgate,
1306 2810 1387 2848 viz.
1413 2812 1556 2848 Isaiah
1575 2811 1711 2850 xxvii.
1736 2812 1788 2859 33

129 2878 268 2913 ..sev-em.
291 2887 392 2914 xxv.
418 2875 481 2924 15,
507 2874 556 2912 17
577 2888 586 2922 ;
614 2879 738 2915 Amos
758 2876 800 2915 ii.
828 2877 891 2915 12.

911 2948 1006 2995 Ea
