2054 3380
627 153 1207 207 INTRODUCTION
1658 151 1749 203 xxi

150 294 216 344 In
262 295 482 344 another
521 295 675 344 letter
716 295 959 345 recorded
1002 294 1072 358 by
1111 293 1283 343 Bruni
1325 293 1493 342 Dante
1535 294 1751 342 defends

80 377 295 426 himself
313 377 450 426 from
474 394 503 425 a
528 376 711 440 charge
735 377 791 425 of
810 375 1142 426 favouritism
1176 375 1368 439 during
1399 375 1484 424 his
1516 375 1750 424 Priorate

80 458 138 507 in
160 459 409 522 recalling
441 459 531 507 the
565 459 735 507 exiled
772 458 995 507 Bianchi
1026 459 1162 507 from
1199 457 1431 518 Sarzana,
1469 456 1628 506 while
1660 457 1750 505 the

0 554 2 557 ’
82 540 207 589 Neri
250 540 515 590 remained
561 540 618 588 in
658 540 997 589 banishment
1040 542 1094 589 at
1132 540 1357 590 Castello
1398 539 1533 588 della
1571 539 1745 587 Pieve.

80 622 154 670 'I'o
178 622 286 671 this
309 622 506 685 charge,
533 637 653 683 says
677 621 860 682 Bruni,
890 622 1060 670 Dante
1093 620 1289 684 replied
1324 621 1441 669 that
1468 620 1625 669 when
1659 620 1751 668 the

80 700 238 750 exiles
268 718 400 751 were
436 700 657 749 recalled
692 700 832 748 from
870 700 1089 750 Sarzana
1124 700 1192 749 he
1228 716 1336 750 was
1372 716 1441 748 no
1477 699 1660 762 longer
1694 697 1752 746 in

81 783 238 843 office,
271 782 374 832 and
411 781 785 845 consequently
821 782 971 831 could
1009 785 1102 831 not
1136 782 1199 831 be
1236 781 1358 831 held
1395 781 1750 844 responsible3

2 900 5 907 ψ.
80 864 183 913 and
202 863 324 914 -that
346 880 615 914 moreover
639 863 747 912 this
771 863 927 913 recall
952 880 1060 914 was
1092 864 1191 914 due
1228 866 1282 912 to
1310 863 1401 912 the
1431 863 1617 912 illness
1648 865 1751 913 and

82 945 237 995 death
261 946 318 994 of
337 945 507 995 Guido
532 944 850 1007 Cavalcanti,
876 946 996 996 who
1019 962 1127 996 was
1162 945 1398 995 attacked
1432 945 1504 1008 by
1536 945 1752 995 malaria

82 1029 134 1076 at
157 1027 391 1087 Sarzana,
426 1027 528 1077 and
561 1027 872 1077 succumbed
906 1030 999 1077 not
1030 1027 1155 1091 long
1188 1025 1353 1078 after.¹
1425 1027 1595 1076 Bruni
1623 1027 1751 1076 then

7 1254 9 1258 V
82 1198 374 1250 Campaldino
395 1201 444 1239 in
468 1199 541 1238 his
560 1203 758 1239 Historiae
782 1203 1051 1241 florentinae:
1086 1200 1097 1222 ⁴
1111 1200 1279 1240 Dantes
1298 1201 1533 1251 Alagherii
1553 1202 1682 1252 poeta
1702 1202 1752 1240 in

82 1264 270 1314 epistola
288 1264 477 1314 quadam
509 1264 665 1303 scribit
692 1277 738 1303 se
765 1266 815 1303 in
835 1265 919 1303 hoc
945 1265 1113 1315 praelio
1140 1265 1349 1305 iuvenem
1371 1266 1509 1305 fuisse
1529 1267 1578 1304 in
1598 1266 1750 1317 armis,

81 1331 125 1369 et
151 1330 205 1369 ab
232 1330 365 1369 initio
392 1329 572 1379 quidem
602 1342 789 1380 pugnae,
813 1330 985 1369 hostem
1015 1330 1144 1381 longe
1172 1332 1446 1381 superiorem
1467 1331 1619 1378 fuisse,
1644 1332 1752 1370 adeo

0 1407 1 1410 ’
19 1443 20 1446 ¹
81 1396 131 1434 ut
144 1407 169 1434 a
184 1395 458 1435 Florentinis
471 1396 670 1434 multum
690 1395 932 1434 admodum
946 1395 1199 1434 timeretur.
1241 1395 1311 1435 Ad
1328 1399 1581 1436 extremum
1601 1398 1751 1436 autem

0 1472 4 1495 ι
26 1492 27 1495 ,
79 1459 315 1499 victoriam
335 1461 511 1510 partam
527 1471 636 1509 esse,
649 1461 911 1510 tantamque
927 1460 1215 1499 inimicorum
1233 1462 1427 1512 stragem
1447 1462 1496 1500 in
1517 1474 1568 1501 eo
1583 1463 1751 1512 praelio

0 1510 11 1590 ὲ
79 1524 258 1574 factam,
276 1526 328 1564 ut
342 1536 458 1574 pene
474 1536 628 1563 eorum
644 1537 811 1564 nomen
827 1525 884 1563 ad
896 1524 1252 1564 internecionem
1269 1525 1496 1565 deleretur
1509 1527 1518 1541 ’
1536 1526 1653 1578 (Lib.
1669 1527 1748 1578 IV,

0 1586 15 1646 s}
80 1601 122 1640 p.
146 1589 210 1640 63,
233 1589 302 1629 ed.
330 1589 626 1639 Argentorati,
651 1589 852 1640 MDOX).

76 1667 79 1669 ’
136 1652 152 1679 ¹
181 1655 407 1694 ‘Essendo
434 1655 644 1704 adunque
672 1655 715 1693 la
742 1655 851 1694 citta
875 1655 923 1693 in
953 1655 1071 1693 armi
1098 1668 1121 1693 e
1151 1656 1201 1694 in
1229 1657 1432 1707 travagli,
1457 1657 1473 1694 i
1501 1657 1643 1707 priori
1673 1669 1752 1706 per

0 1708 11 1750 '7⁴
81 1721 294 1771 consiglio
319 1720 366 1759 di
394 1721 540 1759 Dante
567 1720 831 1771 provvidero
851 1719 899 1758 di
927 1720 1181 1759 fortificarsi
1209 1721 1329 1760 della
1355 1721 1650 1761 moltitudine
1676 1721 1750 1760 del

79 1785 265 1836 popolo;
292 1798 316 1825 e
345 1785 525 1835 quando
557 1786 716 1824 furono
745 1784 990 1835 fortificati,
1023 1798 1079 1824 ne
1114 1786 1392 1826 mandarono
1420 1786 1458 1825 a’
1490 1786 1658 1826 confini
1686 1787 1750 1837 gli

79 1851 253 1890 uomini
289 1850 533 1901 principali
563 1850 679 1889 delle
714 1851 801 1889 due
841 1852 966 1901 sette‚
1000 1851 1016 1888 i
1047 1850 1172 1899 quali
1203 1851 1362 1890 furono
1391 1853 1557 1900 questi,
1585 1864 1752 1891 messer

3 1924 6 1934 ¹
33 1913 38 1924 ⁸
81 1914 213 1955 Corso
243 1916 424 1966 Donati,
446 1928 613 1957 messer
642 1916 748 1955 Geri
786 1915 930 1965 Spini‚
962 1927 1130 1954 messer
1160 1916 1477 1956 Giacchinotto
1507 1915 1574 1956 de’
1604 1917 1744 1967 Pazzi,

4 2000 5 2004 =
82 1991 247 2019 messer
267 1981 401 2020 Rosso
422 1981 543 2020 della
562 1981 685 2028 Tosa‚
705 1993 728 2019 e
747 1980 854 2020 altri
870 1993 954 2019 0011
975 1980 1085 2020 loro.
1145 1981 1271 2020 Tutti
1289 1983 1437 2031 questi
1457 1995 1593 2022 erano
1608 1995 1686 2033 per
1706 1983 1751 2022 la

79 2047 206 2094 parte
221 2057 340 2097 nera,
361 2059 384 2085 e
397 2045 557 2085 furono
573 2045 780 2085 mandati
796 2045 834 2084 a’
850 2044 1015 2084 confini
1032 2046 1074 2084 al
1090 2045 1281 2085 Castello
1297 2047 1417 2086 della
1433 2047 1565 2087 Pieve
1582 2048 1631 2086 in
1645 2047 1749 2096 quel

81 2108 129 2147 di
163 2109 360 2161 Perugia.
420 2110 553 2149 Dalla
582 2111 707 2160 parte
736 2110 803 2149 de’
833 2110 1027 2149 Bianohi
1056 2110 1191 2150 furon
1219 2111 1425 2150 mandati
1455 2111 1492 2151 a'
1524 2113 1692 2152 confini
1723 2125 1749 2151 a

81 2173 319 2230 Serezzana
344 2187 513 2215 messer
543 2175 739 2226 Gentile,
770 2187 794 2214 0
821 2187 988 2214 messer
1016 2176 1275 2227 Torrigiano
1305 2177 1372 2216 de'
1404 2176 1578 2227 Cerchi,
1602 2178 1749 2218 Guido

3 2267 7 2297 ¹.
81 2237 350 2291 Cavalcanti,
383 2241 626 2280 Baschiera
654 2240 773 2280 della
800 2241 925 2291 Tosa,
958 2241 1246 2281 Baldinaccio
1275 2242 1499 2293 Adimari,
1528 2242 1671 2282 Naldo
1700 2243 1748 2282 di

10 2347 13 2350 ,
80 2315 245 2344 messer
264 2305 450 2345 Lottino
471 2305 762 2357 Gherardini,
786 2304 842 2345 ed
863 2306 983 2346 altri.
1040 2306 1203 2358 Questo
1232 2307 1362 2346 diedo
1395 2320 1603 2357 gravezza
1631 2309 1748 2348 assai

79 2380 105 2407 a
124 2369 284 2421 Dante,
306 2384 330 2409 e
351 2372 639 2411 contuttoche
666 2371 733 2410 lui
754 2373 792 2410 si
808 2371 939 2422 scusi,
958 2384 1081 2410 come
1102 2385 1234 2411 uomo
1254 2385 1385 2412 senza
1409 2375 1550 2424 parte,
1571 2374 1747 2413 niente-

78 2432 284 2473 dimanco
309 2435 359 2475 fu
386 2438 596 2487 riputato,
628 2437 710 2475 0110
737 2437 952 2486 pendesse
969 2438 1017 2475 in
1035 2439 1160 2487 parte
1179 2438 1338 2476 bianca
1357 2469 1367 2478 .
1393 2470 1402 2479 .
1427 2468 1437 2478 .
1456 2452 1468 2488 ;
1497 2451 1521 2478 e
1536 2440 1747 2478 accrebbe

79 2495 107 2536 l'
144 2499 332 2551 invidia,
371 2500 536 2551 perche
573 2500 724 2550 quella
769 2503 894 2551 parte
941 2502 988 2540 di
1028 2502 1254 2553 cittadini,
1294 2503 1374 2541 0110
1422 2503 1471 2541 fu
1521 2504 1746 2543 confinata

10 2579 11 2582 ¹
79 2575 105 2602 a
133 2563 383 2615 Serezzana,
415 2565 561 2604 subito
590 2566 761 2605 ritorno
791 2578 816 2604 a
846 2567 1042 2615 Firenze,
1064 2580 1087 2605 e
1117 2565 1144 2604 l‘
1173 2567 1303 2617 altra,
1323 2566 1391 2607 eh'
1417 2581 1493 2607 era
1522 2569 1747 2608 confinata

78 2638 104 2665 a
123 2627 313 2669 Castello
334 2630 451 2669 della
467 2630 615 2682 Pieve,
640 2633 675 2670 si
697 2633 863 2670 rimase
883 2632 930 2670 di
947 2631 1077 2672 fuori.
1125 2632 1166 2669 A
1183 2635 1339 2682 questo
1358 2635 1569 2684 risponde
1583 2635 1742 2685 Dante,

79 2692 175 2743 0110,
203 2695 383 2744 quando
402 2696 543 2746 quelli
563 2696 610 2735 di
643 2696 883 2736 Serezzana
903 2698 1062 2737 furono
1081 2698 1278 2750 rivocati,
1303 2711 1398 2738 esso
1417 2712 1493 2738 era
1512 2700 1630 2739 fuori
1652 2700 1743 2739 del-

79 2755 106 2794 l’
122 2758 254 2798 uficio
268 2760 339 2798 del
359 2761 564 2812 priorato,
583 2774 606 2800 e
626 2762 709 2801 che
724 2774 750 2801 a
765 2762 831 2801 lui
845 2775 938 2801 non
954 2764 992 2802 si
1007 2763 1148 2802 debba
1161 2764 1384 2813 imputare
1403 2779 1413 2814 ;
1441 2766 1519 2815 piu
1533 2766 1640 2816 dice,
1661 2765 1743 2805 che

78 2821 122 2861 la
144 2824 366 2864 ritornata
389 2825 483 2865 loro
503 2825 553 2865 fu
578 2839 659 2877 per
685 2827 715 2865 l’
735 2827 970 2867 infermita
989 2841 1013 2867 0
1041 2829 1185 2868 morte
1212 2828 1259 2867 di
1287 2829 1437 2869 Guido
1466 2829 1739 2881 Cavalcanti,

79 2885 114 2924 il
143 2888 277 2937 quale
307 2891 497 2930 ammalo
525 2903 551 2929 a
579 2891 821 2932 Serezzana
848 2905 928 2943 per
957 2890 985 2931 l’
1007 2905 1108 2932 aere
1137 2894 1318 2944 cattiva‚
1350 2907 1373 2932 e
1400 2907 1508 2945 poco
1537 2907 1743 2946 appresso
