2054 3380
770 132 1139 186 EPISTOLA
1189 134 1248 184 X
1736 133 1836 183 185

173 269 371 323 dicitur
397 272 451 323 in
477 272 615 325 libro
641 274 725 326 De
753 275 940 326 Causis
964 272 1109 344 quod
1143 280 1158 303 ‘
1177 273 1348 325 omnis
1374 272 1732 342 intelligentia
1757 276 1837 322 est

174 356 331 427 plena
367 357 549 410 formis
567 359 620 412 '.¹
694 362 856 412 Patet
886 378 1012 430 ergo
1044 358 1312 430 quomodo
1348 360 1488 411 ratio
1528 358 1836 410 manifestat

72 454 153 493 410
173 442 413 497 divinum
439 445 633 510 lumen,
662 445 716 498 id
742 453 823 499 est
847 446 1083 498 divinam
1101 445 1416 510 bonitatem,
1440 445 1755 516 sapientiam
1781 450 1836 496 et

173 530 467 596 virtutem,²
492 532 818 603 resplendere
846 532 1053 603 ubique.

246 618 273 686 ᾧ
299 621 382 670 22.
424 619 681 672 Similiter
718 620 879 672 etiam
917 639 978 671 ac
1016 619 1263 671 scientius
1281 620 1338 651 ³3
1369 620 1498 672 facit
1524 619 1830 671 auctoritas.
1853 627 1931 667 315

172 703 320 756 Dicit
346 705 483 756 enim
519 706 748 776 Spiritus
787 707 1012 758 Sanctus
1050 725 1144 776 per
1184 707 1508 758 Hieremiam
1529 705 1585 757 4:
1628 706 1829 757 ‘Num-

70 799 148 839 415
171 789 302 859 quid
365 811 469 844 non
489 791 513 822 b
574 792 776 844 coelum
827 799 882 844 et
930 798 1126 845 terram
1190 812 1289 863 ego
1340 792 1535 863 impleo
1557 795 1577 843 ?
1596 793 1610 814 ⁹
1672 797 1725 843 et
1777 793 1830 843 in

171 878 380 929 Psalmo
397 886 417 909 ⁰
437 877 487 930 5:
530 884 544 908 ‘
565 880 682 942 Quo
713 879 803 932 ibo
828 899 861 931 a
886 880 1079 950 spiritu
1113 886 1208 932 tuo
1231 883 1252 931 ?
1289 885 1345 931 et
1383 899 1489 950 quo
1515 899 1548 931 a
1573 879 1706 931 facie
1735 884 1831 930 tua

171 963 407 1034 fugiam?
470 961 828 1018 Siaseendero
856 966 909 1017 in
937 965 1158 1030 coelum,
1187 972 1249 1018 tu
1289 965 1399 1018 illic
1424 985 1476 1017 es
1499 988 1512 1028 3
1551 966 1592 1016 si
1620 964 1829 1017 descen-

170 1048 295 1102 dero
322 1051 375 1102 in
403 1051 682 1116 infernum,
709 1051 848 1105 ades,
928 1053 983 1104 Si
1011 1072 1280 1124 sumpsero
1305 1071 1505 1123 pennas
1531 1052 1699 1103 meas'
1727 1057 1825 1103 etc.
1849 1063 1930 1101 320

66 1145 148 1184 420
170 1136 247 1188 Et
284 1137 559 1208 Sapientia
579 1139 599 1169 ⁶
637 1137 810 1191 dicitd
834 1138 977 1209 quod
1016 1145 1030 1168 ‘
1053 1140 1287 1210 Spiritus
1338 1139 1559 1190 Domini
1601 1137 1827 1208 replevit

168 1221 349 1275 orbem
378 1229 637 1276 terrarum
654 1226 682 1276 '.
759 1226 835 1276 Et
855 1226 1244 1277 Ecclesiasticus
1263 1233 1282 1256 θ
1308 1226 1363 1277 in
1381 1224 1399 1254 f
1423 1223 1826 1295 quadragesimo

167 1309 394 1361 secundo
416 1309 435 1340 ⁷
457 1331 468 1362 :
511 1316 524 1339 ‘
543 1311 728 1363 Gloria
747 1312 965 1363 Domini
983 1310 1198 1381 plenum
1215 1317 1294 1364 est
1313 1330 1445 1381 opus
1461 1313 1570 1364 eius
1590 1313 1618 1364 '.
1671 1309 1826 1374 Quod

65 1406 143 1445 425
167 1396 325 1448 etiam
354 1396 618 1467 scriptura
641 1416 969 1468 paganorum
988 1403 1351 1459 contestatur,
1388 1417 1510 1449 nam
1529 1406 1554 1438 8
1580 1398 1824 1449 Lucanus

166 1483 220 1534 in
248 1501 387 1535 nono
410 1483 458 1536 8:
488 1491 502 1511 ⁶
525 1485 768 1555 Iuppiter
787 1491 866 1537 est
885 1484 1254 1555 quodcumque
1271 1484 1432 1549 videS,
1454 1502 1786 1555 quocumque
1801 1482 1823 1514 ¹²
1844 1497 1921 1536 325

166 1570 388 1621 moveris
403 1571 431 1622 ⁵.

238 1656 265 1724 ᾧ
290 1657 376 1708 23.
417 1658 559 1709 Bene
585 1676 711 1728 ergo
732 1656 935 1709 dictum
955 1663 1051 1720 est,
1076 1676 1240 1728 quum
1262 1656 1395 1709 dicit
1415 1656 1561 1728 quod
1580 1655 1789 1708 divinus
1809 1653 1824 1685 i

164 1741 356 1808 radius,
383 1742 498 1795 seuj
531 1742 714 1795 divina
749 1742 939 1814 gloria,
977 1749 991 1773 ‘
1013 1762 1108 1814 per
1145 1743 1444 1794 universum
1485 1748 1733 1813 penetrat
1770 1747 1824 1793 et

218 1893 237 1913 ⁹¹
265 1891 311 1931 Ο.
335 1896 499 1932 scientia
608 1890 628 1916 ¹³
658 1892 798 1932 Me.V.
823 1894 935 1932 omit
953 1895 1160 1940 Numquid
1178 1904 1256 1930 non
1372 1895 1388 1915 0
1417 1892 1468 1931 V.
1484 1894 1635 1938 psalmo
1654 1893 1824 1930 cxxxviii

161 1945 183 1972 (Ι
216 1946 292 1986 Μ.2
308 1950 454 1986 dicitur
529 1950 546 1970 ⁰
576 1946 1159 1995 Me.V.O.¹O.2Ecczesiastes;
1187 1945 1622 1986 M.1M.²Echesz·astict
1700 1941 1714 1967 ¹
1743 1943 1823 1984 M.l

163 1999 386 2042 M.²Me.v.
411 2004 524 2041 omit
545 2005 591 2041 in
826 2005 845 2029 Β
876 2002 1016 2042 Me.V.
1039 2004 1144 2040 unde
1381 1996 1402 2022 ¹²
1432 2001 1514 2040 Me.
1542 2003 1643 2048 quod
1663 2012 1823 2047 cumque

163 2050 173 2077 ¹
204 2055 375 2096 Μ.ῙΜ.2
395 2059 540 2096 dictum
560 2060 659 2106 quod
678 2060 839 2096 divinus
947 2052 959 2083 ³
989 2056 1133 2096 Me.V.
1151 2059 1235 2094 siue

159 2184 284 2222 pura,
317 2172 542 2223 dignaque
571 2173 734 2223 quibus
763 2173 1028 2224 principalis
1059 2171 1188 2211 illius
1222 2184 1271 2211 ac
1301 2171 1483 2210 divinae
1511 2171 1623 2210 lucis
1652 2171 1820 2211 suavis-

159 2238 300 2276 simus
321 2238 471 2276 radius
489 2238 665 2279 influat.
727 2238 844 2288 Quae
864 2239 941 2276 ubi
958 2237 1189 2276 indultum
1211 2237 1298 2275 sibi
1318 2236 1671 2275 sacratissimum
1691 2237 1820 2275 iubar

158 2303 331 2342 affatim
351 2303 599 2353 hauserint,
624 2304 708 2343 hoe
728 2304 824 2355 ipsa
842 2303 1125 2355 postmodum
1145 2303 1310 2352 absque
1331 2301 1507 2341 invidia
1528 2302 1819 2351 sequentibus

159 2366 392 2407 fundunt)
795 2375 803 2388 '
993 2367 1009 2392 ¹
1038 2371 1149 2415 Prop.
1172 2379 1216 2416 x,
1238 2371 1327 2407 init.

215 2432 231 2457 ²
259 2432 375 2472 That
403 2433 453 2483 is,
487 2434 565 2473 the
596 2433 719 2485 Holy
746 2434 928 2484 Trinity
945 2446 955 2483 ;
994 2434 1046 2473 cf.
1076 2436 1158 2481 Ins.
1190 2433 1254 2473 iii.
1285 2433 1368 2471 5-6
1385 2445 1396 2481 3
1435 2431 1525 2472 and
1554 2444 1625 2471 see
1655 2431 1815 2485 Moore,

159 2500 327 2548 Studies,
350 2498 416 2538 iii.
437 2498 536 2538 334.

212 2560 229 2586 ⁸
257 2562 380 2612 This,
403 2562 481 2600 the
501 2563 686 2613 reading
705 2563 755 2602 of
777 2563 839 2602 all
858 2564 938 2602 the
959 2562 1096 2612 MSS„
1117 2562 1155 2600 is
1183 2560 1415 2611 obviously
1434 2560 1557 2611 right
1575 2573 1624 2600 as
1641 2562 1818 2611 against

157 2630 332 2678 scientia,
364 2625 547 2666 Witte's
579 2628 882 2668 emendation.
954 2628 1042 2666 Not
1080 2627 1264 2665 ‘scientia
1293 2627 1338 2665 et
1371 2624 1634 2664 auetoritas'
1663 2637 1738 2664 are
1766 2625 1818 2664 in

158 2693 378 2741 question,
401 2692 482 2731 but
506 2693 629 2731 ‘ratio
648 2695 694 2732 et
714 2693 978 2733 auctoritas’
1005 2693 1045 2744 (ξ
1068 2693 1134 2742 20,
1158 2692 1203 2732 ll.
1229 2691 1324 2742 353,
1348 2691 1464 2740 354).

213 2756 228 2780 ⁴
257 2761 396 2796 Jerem.
416 2756 540 2796 xxiii.
561 2757 627 2797 24.

213 2820 229 2844 ⁵
258 2825 388 2860 Psalm
409 2822 569 2860 cxxxix
593 2822 737 2874 (Vulg.
762 2823 995 2873 cxxxviii).
1020 2822 1111 2861 7-9.

213 2886 228 2910 ⁶
263 2889 385 2926 Wisd.
408 2887 437 2924 i.
462 2886 499 2924 7.
769 2885 786 2910 ⁷
813 2890 961 2926 Ecczus.
986 2886 1082 2925 xlii.
1106 2885 1170 2924 16.
1379 2882 1395 2907 ⁸
1423 2887 1561 2923 Phars.
1585 2883 1645 2923 ix.
1666 2884 1761 2925 580.
