2054 3380
232 152 337 207 190
660 156 1004 209 LETTERS
1056 157 1151 209 OF
1200 158 1465 226 DANTE

124 311 207 350 530
229 296 521 368 profundat
541 317 594 349 se
608 299 622 321 '
643 299 697 350 in
718 298 889 369 ipsum
908 298 1221 352 desiderium
1238 319 1407 364 suum,
1429 299 1575 371 quod
1595 308 1678 355 est
1693 303 1838 355 Deus
1858 312 1896 368 ⁸,

229 384 405 454 ‘quod
444 384 699 437 memoria
733 387 880 456 sequi
920 405 1026 438 non
1065 392 1246 457 potest
1269 385 1320 440 '.¹
1396 386 1487 438 Ad
1526 406 1662 458 quae
1700 389 1897 442 intelli-

227 470 402 540 genda
439 470 708 523 sciendum
747 478 842 536 est,
887 472 1031 543 quod
1066 471 1390 524 intellectus*
1406 473 1667 525 humanus
1709 476 1763 526 in
1802 476 1900 529 hac
1921 491 2002 530 405

229 558 357 622 vita,
378 563 599 628 propter
614 558 1119 611 connaturalitatem
1146 566 1201 612 et
1218 559 1535 612 affinitatem
1557 580 1718 630 quam
1735 561 1899 614 habet

124 658 206 697 535
227 643 297 696 ad
323 643 678 697 substantiam
711 645 1124 698 intellectualem
1163 648 1502 717 separatam,2
1533 648 1751 718 quando
1795 649 1897 701 ele-

228 736 402 796 vatur,
448 731 503 783 in
547 737 763 784 tantum
807 732 1046 785 elevatur
1090 739 1154 786 ut
1194 735 1446 787 memoria
1495 741 1620 806 post
1670 735 1899 789 reditum

229 817 461 883 deficiat,
499 825 722 891 propter
757 818 1141 872 transcendisse
1175 820 1470 872 humanum
1512 820 1747 877 modum.
1823 824 1902 875 Et

228 905 328 958 hoc
347 904 371 935 b
408 906 712 958 insinuatur
750 905 902 958 nobis
943 926 1038 978 per
1079 907 1402 978 Apostolum
1441 906 1511 960 ad
1555 908 1860 961 Corinthios
1880 908 1902 939 ³
1924 929 2008 968 410

123 1004 205 1043 540
227 991 550 1063 loquentem,
578 992 670 1045 ubi
689 992 852 1045 dicit:
895 999 908 1023 ‘
926 993 1044 1045 Scio
1063 993 1332 1046 hominem
1352 1002 1372 1024 ⁰
1399 995 1530 1062 (sive
1551 995 1606 1046 in
1624 1015 1843 1066 corpore
1863 996 1901 1060 d,

227 1080 335 1132 sive
369 1085 523 1131 extra
558 1098 763 1150 coerS‚
791 1080 981 1142 nesci0‚
1022 1081 1169 1132 Deus
1207 1081 1349 1149 scit),
1376 1087 1592 1153 raptum
1631 1102 1798 1153 usque
1834 1082 1904 1136 ad
1977 1099 1982 1104 ·

226 1167 449 1219 tertium
499 1165 744 1230 coelum,0
794 1173 849 1219 et
886 1165 1097 1220 audivit
1141 1187 1335 1221 arcana
1378 1168 1580 1233 verba,f
1622 1189 1758 1240 quae
1796 1190 1902 1223 non

123 1266 205 1306 545
226 1255 353 1307 licet
379 1253 583 1306 homini
609 1253 757 1324 loqui
774 1253 832 1307 '.4
907 1255 1059 1318 Ecce,
1081 1260 1366 1326 postquam
1389 1265 1413 1296 8
1428 1256 1716 1309 humanam
1739 1258 1902 1310 ratio-

228 1361 348 1394 nem
387 1340 691 1394 intellectus
726 1341 1028 1394 ascensione
1048 1341 1074 1372 h
1113 1342 1413 1406 transierat,
1452 1341 1623 1413 quaei
1661 1349 1813 1396 extra
1851 1363 1903 1396 se
1925 1359 2005 1399 415

227 1428 540 1500 agerenturj
563 1447 669 1481 non
686 1427 1084 1481 recordabatur.
1163 1430 1286 1481 Hoc
1311 1429 1474 1482 etiam
1497 1430 1524 1461 k
1555 1436 1636 1483 est
1667 1431 1900 1484 insinua-

283 1560 302 1580 a
330 1558 383 1598 V.
408 1557 545 1596 omits
565 1561 610 1596 in
626 1559 761 1604 ipsum
781 1587 792 1598 .
815 1586 827 1597 .
850 1587 862 1598 .
887 1560 987 1605 quod
1006 1561 1059 1597 est
1076 1561 1178 1597 Deus
1306 1555 1326 1581 b
1355 1557 1432 1598 M.¹
1455 1557 1589 1597 omits
1609 1562 1677 1598 hoc
1805 1563 1822 1583 ⁰
1851 1559 1899 1599 Ο.

228 1615 457 1651 huiusmodi
471 1615 665 1651 hominem
738 1609 758 1635 ‘¹
787 1612 838 1653 V.
857 1625 992 1659 corpus
1071 1616 1087 1635 Θ
1118 1613 1166 1653 Ο.
1185 1616 1370 1660 quoniam
1386 1619 1520 1660 raptus
1536 1616 1646 1652 estin
1661 1617 1903 1654 Paradisum

228 1662 242 1689 ¹
271 1667 412 1707 Me.V.
435 1669 534 1707 vidit
552 1680 702 1706 arcana
721 1671 858 1717 verba3
888 1665 968 1707 M.1
987 1671 1087 1706 vidit
1097 1680 1249 1707 arcana
1264 1671 1337 1707 Dei
1438 1671 1456 1695 Β
1484 1669 1536 1707 V.
1553 1681 1623 1715 per
1641 1681 1762 1716 quam
1780 1682 1790 1718 ;
1821 1668 1900 1710 M.1

223 1735 296 1770 per
314 1735 426 1770 quem
513 1718 535 1744 ¹¹
565 1721 704 1763 M.¹V.
725 1726 982 1761 ascensionem
999 1735 1009 1771 ;
1039 1723 1123 1763 Me.
1147 1726 1319 1762 ascensio
1408 1719 1418 1745 ¹
1449 1722 1589 1764 Me.V.
1612 1727 1682 1772 qui
1767 1720 1780 1752 J
1813 1725 1900 1765 Me.

227 1778 281 1819 V.
305 1781 480 1826 ayeretur
589 1772 610 1799 ¹⁸
642 1777 727 1818 Me.
753 1780 786 1816 et
805 1780 871 1816 hoc

287 1879 303 1905 1
331 1885 425 1922 Par.
461 1881 492 1922 i.
530 1881 636 1920 7-9:
684 1880 894 1929 ‘Perche,
930 1880 1232 1932 appressando
1270 1885 1316 1920 se
1353 1882 1397 1921 al
1435 1893 1515 1921 suo
1553 1881 1702 1934 disire,
1741 1883 1902 1924 Nostro

228 1947 459 1987 intelletto
479 1948 517 1986 si
537 1946 760 1998 profonda
779 1948 924 1998 tanto,
946 1945 1039 1985 Che
1060 1947 1180 1986 retro
1200 1947 1244 1986 la
1263 1948 1481 1986 memoria
1500 1959 1594 1987 non
1614 1951 1701 1999 pub
1721 1948 1789 1987 ire
1803 1947 1827 1989 ’.

285 2012 302 2039 ²
329 2013 447 2052 That
476 2013 529 2061 is,
558 2012 638 2052 the
667 2012 850 2063 angels;
888 2012 942 2051 cf.
975 2014 1088 2052 Gonv.
1117 2012 1165 2050 ii.
1187 2012 1226 2064 5,
1261 2013 1290 2052 1.
1321 2013 1372 2053 6:
1409 2014 1419 2033 ‘
1435 2015 1641 2052 sustanze
1671 2013 1899 2064 separate'

229 2079 300 2131 (so
321 2078 387 2119 iii.
414 2080 453 2129 7,
477 2078 506 2118 1.
528 2078 610 2127 473
640 2079 681 2128 8,
701 2077 733 2119 1.
758 2076 887 2129 143);
918 2080 1026 2118 Conv.
1056 2077 1122 2116 iii.
1148 2068 1192 2128 '4,
1221 2078 1251 2117 1.
1275 2077 1358 2117 92:
1391 2077 1624 2118 ‘sustanze
1649 2080 1817 2129 partite
1844 2079 1902 2118 da

231 2144 427 2183 materia
440 2144 476 2194 '3
495 2146 615 2192 Pura.
628 2143 756 2183 xviii.
768 2143 847 2182 49:
871 2142 1034 2183 ‘forma
1049 2143 1307 2195 sustanzial,
1325 2144 1407 2182 che
1423 2145 1537 2183 setta
1554 2128 1589 2183 Ε
1605 2143 1662 2183 da
1676 2144 1885 2184 materia’

281 2208 298 2234 ³
328 2210 355 2248 2
377 2212 455 2250 Gor.
477 2209 557 2249 xii.
579 2209 673 2249 2-4.

282 2273 299 2300 ⁴
328 2274 453 2314 Here
474 2275 607 2326 again
626 2274 708 2314 the
728 2273 916 2314 modern
935 2273 1130 2324 Vulgate
1157 2275 1255 2314 text
1278 2274 1362 2313 has
1388 2275 1502 2313 been
1528 2275 1804 2315 substituted
1831 2276 1901 2315 for

229 2340 309 2380 the
344 2340 434 2380 MS.
465 2340 654 2390 reading
683 2341 744 2390 by
777 2339 857 2378 the
891 2338 1074 2379 editors.
1130 2339 1180 2379 It·
1204 2339 1285 2379 the
1319 2339 1410 2380 MS.
1439 2339 1628 2390 reading
1658 2341 1793 2391 (with
1821 2342 1900 2381 the

229 2405 474 2444 correction
510 2405 559 2444 of
587 2407 740 2444 audivit
776 2405 844 2443 for
874 2407 987 2454 vidit)
1022 2405 1275 2454 represents
1308 2404 1433 2443 what
1468 2404 1616 2444 Dante
1654 2407 1807 2454 wrote,
1842 2401 1899 2446 lie

229 2473 353 2510 must
381 2470 498 2510 have
525 2470 639 2510 been
667 2470 859 2520 quoting
882 2469 998 2508 from
1026 2481 1244 2519 memory,
1271 2470 1444 2509 several
1469 2471 1517 2509 of
1542 2470 1621 2509 the
1646 2471 1829 2521 phrases
1855 2471 1904 2511 of

227 2535 306 2575 the
327 2535 517 2586 original
537 2536 672 2585 being
691 2534 956 2586 transposed
975 2535 1027 2574 in
1047 2534 1127 2574 the
1147 2536 1386 2585 quotation
1403 2549 1414 2585 ;
1443 2535 1523 2574 the
1543 2536 1691 2575 actual
1710 2536 1899 2587 Vulgate

228 2602 325 2640 text
353 2599 402 2639 of
426 2601 452 2638 2
482 2604 561 2640 Cor.
585 2601 664 2640 xii.
688 2601 768 2639 2-4
799 2601 866 2640 is:
892 2593 1034 2639 “Scio
1064 2600 1299 2639 hominem
1329 2600 1378 2638 in
1409 2600 1589 2640 Christo
1618 2602 1724 2640 ante
1755 2613 1899 2640 annos

230 2665 571 2715 quatuordecim
604 2666 718 2717 (sive
753 2667 805 2705 in
842 2678 1021 2716 corpore
1054 2666 1216 2715 nescio,
1250 2666 1343 2704 sive
1378 2667 1506 2705 extra
1539 2678 1698 2716 corpus
1732 2666 1895 2717 nescio,

231 2730 352 2769 Deus
371 2731 491 2782 scit),
516 2732 696 2781 raptum
723 2730 985 2770 huiusmodi
1010 2741 1151 2778 usque
1180 2729 1237 2768 ad
1263 2731 1453 2770 tertium
1478 2730 1664 2770 coelum.
1723 2731 1780 2770 Et
1809 2732 1900 2771 scio

229 2795 493 2834 huiusmodi
525 2795 758 2834 hominem
789 2795 902 2846 (sive
937 2795 986 2833 in
1018 2806 1212 2846 corpore,
1249 2795 1346 2834 sive
1377 2797 1502 2835 extra
1531 2807 1702 2846 corpus,
1734 2796 1896 2847 neseio,

230 2860 351 2899 Deus
383 2860 498 2912 scit),
531 2860 747 2911 quoniam
778 2863 934 2911 raptus
966 2860 1034 2898 est
1064 2861 1115 2898 in
1149 2860 1419 2913 paradisum,
1453 2862 1498 2900 et
1530 2860 1705 2900 audivit
1736 2873 1899 2901 arcana

229 2925 374 2976 verba,
399 2937 514 2974 quae
535 2938 629 2964 non
648 2926 753 2965 licet
774 2925 952 2965 homini
973 2925 1129 2975 loqui!
