2054 3380
313 133 419 188 236
742 136 1087 190 LETTERS
1138 137 1234 189 OF
1282 138 1548 191 DANTE

311 278 539 328 sections
562 278 620 327 of
639 278 798 340 Ῑῂοἱεὺ.
830 278 885 328 ix
908 279 1016 342 (the
1039 278 1378 330 well-known
1411 279 1567 330 letter
1589 281 1644 329 to
1669 296 1698 330 a
1721 279 1889 330 friend
1923 282 1980 331 in

311 346 577 410 Florence)
603 363 726 411 may
749 346 815 396 be
839 347 1025 398 taken:

381 416 393 439 ⁴
418 414 484 462 In
520 414 689 464 literis
720 417 910 465 vestris
945 415 1081 479 (101⁴),
1120 417 1175 465 et
1209 415 1500 466 reverentia
1535 416 1711 466 debita
1746 419 1799 466 et
1833 418 1980 468 affec·

313 483 454 531 tiene
480 484 700 547 receptis
719 484 830 546 (pl),
853 500 1010 547 quam
1034 483 1333 547 repatriatio
1357 500 1474 533 mea
1497 501 1646 534 curae
1671 485 1738 534 sit
1755 487 1904 536 vebis
1928 490 1981 535 et

311 551 491 600 animo
527 551 598 614 (t),
626 555 772 613 grata
807 555 981 601 mente
1016 569 1073 601 ac
1110 552 1351 616 diligenti
1384 553 1834 603 animadversiene
1867 571 1981 604 con-

312 619 425 681 cepi
445 620 543 682 (pl)
562 638 574 681 3
611 622 663 669 et
681 620 804 669 inde
823 622 971 669 tanto
989 637 1073 669 me
1094 620 1382 669 districtius
1400 621 1670 685 ebligastis
1688 621 1766 684 (v),
1786 626 1980 686 quanto

312 687 481 737 rarius
507 688 684 738 exules
707 688 948 738 invenire
970 695 1162 739 amicos
1187 688 1445 752 contingit
1471 688 1585 753 (pl).
1658 691 1743 739 Ad
1769 690 1982 740 illarum

314 772 438 805 vero
474 757 766 819 significata
800 757 1065 820 respensio
1098 757 1169 820 (t),
1198 758 1297 806 etsi
1321 774 1429 807 non
1452 758 1552 807 erit
1576 758 1784 822 qualem
1809 759 1981 809 forsan

312 823 720 887 pusillanimitas
761 827 1024 889 appeteret
1062 825 1359 889 aliquerum
1397 826 1475 890 (v),
1514 829 1574 876 ut
1610 827 1709 876 sub
1745 828 1982 877 examine

313 893 478 942 vestri
514 893 722 942 consilii
757 893 813 956 (t)
847 895 968 943 ante
1004 894 1259 943 iudicium
1284 894 1570 944 ventiletur
1602 895 1678 958 (v),
1706 895 1982 947 affectuese

313 961 535 1024 depesco
558 961 670 1025 (pl).

381 1031 513 1080 Ecce
538 1029 700 1093 igitur
725 1030 863 1094 quod
887 1047 978 1092 per
1002 1029 1178 1079 literas
1202 1031 1366 1080 vestri
1388 1037 1596 1095 meique
1627 1031 1831 1095 nepetis
1863 1032 1976 1096 (pl),

313 1113 405 1147 nec
428 1115 535 1147 non
559 1097 781 1147 aliorum
806 1098 1198 1162 quamplurium
1221 1100 1507 1149 amicerum
1525 1100 1604 1163 (v),
1627 1099 1981 1163 significatum

312 1169 390 1216 est
414 1166 549 1215 mihi
574 1166 697 1229 (pff)
721 1183 813 1229 per
837 1166 1266 1216 ordinamentum
1285 1185 1451 1231 nuper
1467 1169 1664 1217 factum
1685 1169 1980 1219 Florentiae

313 1235 370 1298 (t)
405 1251 561 1297 super
594 1235 921 1284 absolutiene
957 1236 1295 1285 banniterum
1331 1236 1485 1299 (pl²):
1528 1238 1666 1300 quod
1703 1237 1747 1285 si
1783 1237 1981 1286 solvere

311 1303 504 1353 vellem
540 1306 734 1352 certam
769 1304 1016 1366 pecuniae
1051 1305 1400 1367 quantitatem
1437 1304 1514 1367 (v),
1544 1304 1841 1368 vellemque
1871 1307 1981 1369 pati

310 1374 493 1420 notam
535 1371 814 1420 eblatienis
853 1373 992 1435 (pff),
1039 1375 1091 1421 et
1128 1372 1329 1422 absolvi
1366 1389 1573 1436 possem
1612 1375 1663 1422 et
1703 1374 1871 1422 redire
1912 1375 1977 1423 ad

308 1447 550 1502 praesens
576 1440 688 1502 (pl).
760 1440 828 1488 In
853 1457 955 1503 qua
990 1440 1204 1503 quidem
1230 1441 1332 1490 duo
1364 1441 1584 1490 ridenda
1620 1441 1718 1504 (pl)
1757 1444 1809 1490 et
1843 1442 1980 1492 male

307 1508 705 1571 praeconsiliata
739 1511 878 1570 sunt,
909 1509 1068 1557 Pater
1100 1510 1230 1572 (pl);
1269 1510 1382 1558 dico
1419 1509 1555 1558 male
1590 1510 1982 1573 praeconsiliata

307 1593 399 1639 per
445 1576 566 1625 illos
611 1575 711 1639 (pl)
757 1576 848 1640 qui
894 1577 1023 1625 talia
1070 1580 1434 1641 expresserunt
1479 1577 1558 1640 (v),
1610 1595 1732 1627 nam
1780 1580 1980 1628 vestrae

307 1644 488 1693 literae
525 1644 799 1694 discretius
846 1648 898 1694 et
947 1646 1239 1695 consultius
1281 1646 1597 1696 clausulatae
1636 1647 1700 1710 (v)
1738 1647 1876 1695 nihil
1913 1648 1977 1697 de

306 1712 500 1762 talibus
524 1712 863 1762 continebant
888 1713 986 1776 (v).'

374 1781 566 1844 Lastly‚
593 1797 648 1831 as
678 1781 944 1844 specimen
978 1782 1034 1830 of
1067 1798 1096 1830 a
1123 1782 1280 1832 letter
1307 1783 1521 1832 written
1546 1783 1604 1831 in
1629 1799 1659 1832 a
1682 1783 1975 1833 secretarial

307 1850 539 1912 capacity
574 1866 652 1899 we
690 1866 812 1912 may
843 1850 963 1899 take
997 1850 1087 1899 the
1123 1850 1238 1899 first
1273 1853 1477 1914 twenty
1510 1850 1644 1900 lines
1681 1852 1738 1901 of
1768 1854 1926 1913 Epist.
1954 1853 1974 1900 i

306 1917 379 1979 (to
403 1918 493 1967 the
518 1917 761 1967 Gardinal
785 1917 995 1967 Niccole
1021 1919 1085 1967 da
1108 1917 1286 1982 Prato)
1309 1937 1321 1968 :

378 1985 703 2049 ‘Praeceptis
726 1986 1043 2036 salutaribus
1068 1987 1260 2035 moniti
1278 1986 1357 2051 (t³)
1381 1989 1434 2035 et
1452 1988 1753 2051 Apostolica
1771 1988 1974 2037 Pietate

304 2055 475 2117 rogati
509 2055 621 2118 (pl),
650 2071 819 2103 sacrae
851 2055 993 2104 vocis
1016 2056 1283 2104 contextui
1315 2063 1472 2119 quem
1498 2056 1716 2105 misistis
1749 2055 1827 2118 (v),
1858 2059 1974 2120 post

305 2139 418 2174 cara
447 2123 599 2172 nobis
624 2123 855 2184 consilia,
885 2124 1259 2186 respondemus
1284 2123 1363 2186 (υ).
1439 2123 1507 2172 Et
1542 2124 1589 2173 si
1624 2124 1973 2188 negligentiae

303 2195 481 2242 sentes
505 2191 522 2253 (
526 2191 628 2254 102⁴)
653 2193 744 2240 aut
767 2192 1000 2255 ignaviae
1024 2198 1355 2240 censeremur
1379 2191 1443 2255 (v)
1469 2192 1533 2240 ob
1551 2192 1799 2241 iniuriam
1819 2194 1971 2242 tardi-

303 2260 428 2310 tatis
453 2259 534 2322 (v),
553 2261 683 2308 citra
707 2259 960 2308 iudicium
986 2259 1040 2321 (t)
1066 2259 1306 2308 discretio
1330 2262 1508 2309 sancta
1530 2262 1704 2310 vestra
1729 2268 1971 2324 praepen—

303 2330 446 2379 deret
470 2329 525 2391 (t)
549 2345 562 2387 ;
599 2330 650 2376 et
675 2328 885 2391 quantis
909 2327 1252 2392 qualibusque
1277 2328 1508 2377 consiliis
1533 2331 1586 2377 et
1606 2331 1869 2392 responsis
1887 2330 1965 2392 (v),

303 2397 572 2446 observata
620 2395 919 2445 sinceritate
961 2396 1210 2444 consertii
1248 2395 1318 2458 (t),
1365 2399 1539 2446 nestra
1580 2397 1875 2447 fraternitas
1917 2399 1972 2461 (t)

303 2466 544 2515 decenter
588 2465 913 2527 procedendo
967 2464 1196 2527 indigeat
1251 2465 1322 2527 (t),
1381 2467 1433 2513 et
1479 2465 1791 2514 examinatis
1839 2482 1970 2529 quae

302 2533 569 2596 tangimus
607 2530 678 2595 (t),
719 2532 811 2581 ubi
845 2533 977 2582 forte
1017 2534 1196 2581 contra
1237 2532 1467 2582 debitam
1510 2533 1831 2582 celeritatem
1875 2534 1921 2595 (v
1933 2533 1969 2597 2)

301 2602 548 2650 defecisse
573 2601 890 2664 despicimur
915 2599 988 2664 (t),
1017 2603 1075 2649 ut
1101 2600 1368 2650 affluentia
1391 2603 1591 2651 vestrae
1614 2602 1968 2665 Benignitatis

299 2669 569 2732 indtilgeat
593 2670 931 2732 deprecamur
954 2668 1030 2732 (v).

368 2738 473 2787 Ceu
496 2737 596 2786 filii
629 2745 735 2786 nen
770 2737 963 2800 ingrati
988 2737 1049 2799 (v)
1072 2735 1250 2785 literas
1279 2737 1442 2801 igitur
1477 2737 1589 2800 piae
1623 2738 1966 2788 Paternitatis

299 2806 596 2868 aspeximus
643 2805 715 2868 (t),
762 2822 892 2868 quae
932 2805 1092 2854 totius
1132 2806 1299 2854 nostri
1341 2805 1581 2855 desiderii
1623 2808 1962 2868 personantes

298 2873 507 2923 exerdia
530 2873 601 2937 (t),
628 2873 803 2923 subito
827 2874 1032 2923 mentes
1056 2876 1260 2923 nestras
1285 2873 1348 2937 (v)
1382 2873 1554 2924 subito
1589 2875 1735 2924 tanta
1765 2873 1965 2924 laetitia
