2054 3380
767 151 1139 204 EPISTOLA
1187 151 1248 202 X
1731 150 1837 205 189

69 305 150 343 510
246 293 273 360 ᾧ
300 292 386 345 27.
454 292 759 344 Praemissis
808 310 1020 361 quoque
1070 290 1368 343 rationibus
1419 298 1836 361 consequentera

170 377 304 430 dicit
345 378 698 448 Philosophus
736 379 790 429 in
835 379 1011 451 primo
1047 379 1131 444 De
1176 378 1364 439 Coelo‚1
1405 376 1589 447 quodb
1631 378 1832 451 coelum

173 470 187 494 ⁶
202 471 359 537 tanto
379 473 399 495 ⁰
426 464 587 516 habet
612 463 1059 516 honorabiliorem
1087 464 1364 515 materiam
1382 462 1406 494 ‘¹
1432 464 1548 516 istis
1568 471 1588 494 θ
1620 464 1832 516 inferio-
1854 484 1936 523 390

47 565 144 603 ‘515
168 550 330 614 ribus,
363 556 566 621 quanto
599 551 764 619 magis
795 550 1103 619 elongatum
1131 555 1211 601 est
1246 549 1314 601 ab
1342 551 1422 601 his
1457 569 1594 620 quae
1623 551 1738 602 hic'
1758 550 1777 580 f
1797 551 1834 606 2.

170 636 366 689 Adhuc
403 637 564 689 etiam
584 646 608 677 8
637 642 814 707 posset
851 635 1044 688 adduci
1084 635 1229 706 quod
1267 636 1400 688 dicit
1437 636 1732 707 Apostolus
1763 637 1833 690 ad

169 724 429 794 Ephesios
454 722 520 774 de
546 722 761 774 Christo
784 743 795 774 ε
839 729 853 751 ‘
870 723 973 786 Qui
1000 722 1239 775 ascendit
1265 742 1422 794 super
1447 742 1626 775 omnes
1646 723 1833 788 coeIOS,

168 816 231 861 ut
283 809 528 880 impleret
548 808 575 839 ¹²
624 809 802 860 omnia
816 810 878 860 '.3'
971 811 1094 861 Hoc
1145 815 1227 861 est
1276 809 1478 862 coelum
1528 809 1834 862 deliciarum

63 908 144 947 520
169 897 391 949 Domini
411 919 425 958 ;
464 895 531 947 de
555 894 749 965 quibus
775 894 976 946 deliciis
996 894 1196 948 dicitur
1211 901 1398 947 contra
1415 896 1718 948 Luciferum
1741 915 1837 967 per
1855 905 1933 943 395

169 982 530 1035 Ezechielem:
597 983 718 1033 ‘Tu
760 981 1086 1052 signaculum
1138 981 1523 1046 similitudinis,
1573 983 1836 1053 sapientia

167 1069 355 1140 plenus
381 1075 436 1122 et
463 1068 787 1141 perfectione
812 1067 1064 1131 (10001115,1
1084 1068 1106 1098 4
1132 1069 1188 1121 in
1215 1068 1416 1121 deliciis
1433 1068 1672 1122 Paradisi
1699 1070 1831 1122 Deij

167 1155 387 1209 suisti'.⁵

63 1254 144 1293 525
241 1244 268 1312 ᾧ
294 1245 381 1295 28.
422 1245 498 1295 Et
522 1250 809 1314 postquam
837 1243 976 1296 dixit
1002 1243 1149 1314 quod
1187 1243 1292 1295 fuit
1326 1243 1380 1294 in
1412 1242 1528 1294 loco
1555 1242 1649 1295 illo
1675 1245 1834 1295 Para-

167 1328 267 1380 disi
306 1348 400 1400 per
438 1349 584 1381 suam
616 1330 1156 1394 circumlocutionem,
1196 1330 1539 1400 prosequitur
1571 1328 1747 1382 dicens
1785 1350 1836 1382 se
1857 1342 1940 1380 400

167 1415 356 1468 vidisse
386 1416 567 1486 aliqua
601 1436 736 1487 quae
770 1418 992 1469 recitare
1029 1436 1136 1468 non
1175 1421 1355 1486 potest
1394 1416 1487 1486 qui
1525 1415 1836 1470 (1050011(111;.ὃ

167 1505 244 1555 Et
282 1502 458 1556 reddit
496 1523 722 1567 causam,
762 1503 939 1555 dicens
978 1502 1123 1574 quod
1153 1501 1487 1554 ‘intellectus
1526 1503 1581 1554 in
1619 1509 1833 1555 tantum

220 1646 239 1665 ²
268 1642 352 1682 Me.
375 1646 622 1682 consonanter
640 1645 703 1681 uel
721 1646 1010 1691 consequentem
1041 1641 1088 1682 Ο.
1106 1646 1359 1680 consonanter
1449 1639 1467 1664 b
1496 1642 1638 1682 Me.V.
1657 1645 1726 1681 ubi
1740 1646 1839 1682 dicit

167 1701 268 1745 quod
405 1700 422 1720 ⁰
450 1698 502 1737 V.
527 1701 683 1736 tantum
821 1693 840 1719 ‘³
870 1697 921 1736 V.
945 1699 1153 1736 materiam
1174 1698 1493 1735 honorabiliorem
1632 1700 1647 1720 θ
1678 1697 1726 1736 Ο.
1751 1702 1836 1736 suis

165 1747 178 1774 f
209 1752 434 1792 Me.0.rhic
453 1756 547 1791 sunt
639 1754 656 1781 8
690 1750 861 1791 ΜΩΜ.2
880 1757 916 1790 et
1008 1747 1030 1774 ¹¹
1062 1751 1203 1791 Me.V.
1226 1754 1454 1797 adimpleret
1538 1748 1548 1773 ¹
1579 1752 1628 1792 Ο.
1646 1754 1836 1799 perfectus

166 1810 291 1846 decore
401 1804 414 1834 ³
444 1807 525 1845 Me.
545 1809 617 1846 Dei
634 1809 823 1846 Paradisi

220 1921 236 1946 1
264 1926 320 1961 De
353 1926 466 1970 Coelo,
496 1923 526 1962 1.
558 1922 595 1961 2.
665 1921 813 1960 Moore
846 1920 1034 1972 (studies,
1067 1921 1134 1959 iii.
1167 1919 1267 1971 330)
1298 1932 1527 1971 compares
1559 1924 1665 1960 Conv.
1694 1923 1761 1962 iii.
1793 1923 1832 1973 5,

166 1987 212 2027 11.
237 1988 292 2026 38
307 1987 350 2025 ff.
371 2001 382 2037 3
411 1991 463 2025 A.
483 1990 522 2026 T.
547 1990 566 2034 5
589 1988 627 2038 4,
653 1986 701 2026 11.
730 1987 807 2024 1-7
829 2000 839 2036 ;
870 1989 890 2033 ξ
915 1985 982 2036 23,
1007 1986 1053 2023 ll.
1078 1986 1129 2024 14
1145 1985 1221 2035 ff.;
1250 1984 1345 2024 also
1366 1988 1475 2023 Conv.
1498 1986 1544 2024 ii.
1572 1988 1610 2037 4,
1631 1986 1678 2026 11.
1702 1988 1835 2035 32-4;

166 2054 235 2091 for
255 2053 333 2091 the
355 2051 578 2102 principle
600 2052 708 2091 here
730 2050 1018 2091 enunciated.

221 2116 237 2141 ²
265 2117 387 2166 This,
416 2117 495 2155 the
529 2116 715 2166 reading
747 2116 795 2154 of
825 2114 903 2156 M.1
925 2115 1005 2155 Μ.2
1024 2115 1093 2164 V.,
1124 2115 1163 2152 is
1193 2114 1438 2153 confirmed
1467 2115 1527 2165 by
1556 2116 1635 2154 the
1666 2118 1759 2156 text
1793 2118 1841 2156 of

166 2182 243 2220 the
273 2185 454 2230 Antiqua
490 2183 709 2219 Translatio
740 2181 788 2219 of
818 2181 896 2219 the
925 2183 980 2218 De
1012 2182 1112 2218 Coelo
1142 2178 1258 2218 from
1290 2179 1440 2218 which
1473 2180 1621 2218 Dante
1654 2181 1694 2220 is
1726 2181 1835 2221 here

168 2247 382 2297 quoting:
434 2248 468 2286 ‘.
503 2275 513 2286 .
548 2276 558 2285 .
591 2247 721 2285 tanto
759 2245 1141 2285 honorabiliorem
1185 2245 1358 2283 habens
1396 2247 1622 2296 naturam,
1665 2250 1835 2296 quanto

167 2311 352 2361 quidem
371 2311 474 2362 plus
493 2311 754 2361 elongatum
773 2313 840 2350 est
860 2312 915 2349 ab
935 2311 1009 2349 his
1029 2322 1139 2359 quae
1159 2310 1235 2348 hic
1249 2308 1274 2349 '.
1421 2309 1437 2334 ⁸
1465 2312 1605 2357 Ephes.
1627 2311 1686 2351 iv.
1714 2312 1777 2352 10.

221 2374 238 2400 4
267 2376 388 2426 This,
422 2376 501 2414 the
533 2376 720 2427 reading
749 2376 796 2415 of
821 2376 883 2415 all
911 2375 1011 2414 four
1040 2374 1180 2425 MSS„
1213 2375 1296 2413 has
1325 2374 1434 2414 been
1466 2375 1639 2414 altered
1668 2377 1728 2427 by
1757 2377 1835 2416 the

167 2441 336 2480 editors
365 2452 411 2479 so
440 2453 487 2480 as
517 2442 563 2479 to
592 2441 723 2480 make
753 2442 831 2480 the
861 2442 1097 2491 quotation
1127 2440 1330 2479 conform
1360 2441 1405 2479 to
1439 2439 1519 2479 the
1547 2442 1643 2480 text
1677 2442 1727 2481 of
1755 2443 1834 2483 the

171 2506 358 2555 Vulgate
379 2518 427 2543 as
447 2518 514 2544 we
535 2505 651 2545 have
672 2507 724 2545 it.

223 2569 240 2594 5
268 2573 383 2609 Ezek.
400 2571 555 2610 xxviii.
577 2571 739 2620 12-13;
769 2569 823 2610 cf.
842 2572 926 2618 Ins.
949 2571 1098 2609 xxxiv.
1118 2570 1171 2608 34
1188 2583 1198 2618 3
1226 2572 1344 2617 Pure.
1368 2569 1448 2608 xii.
1469 2571 1577 2609 25-6
1594 2585 1604 2620 ;
1633 2575 1724 2612 Par.
1742 2572 1831 2613 xix.

171 2636 290 2674 46-8.
349 2634 441 2672 The
477 2635 749 2684 application
779 2634 828 2674 of
857 2636 952 2675 this
980 2635 1206 2686 prophecy
1235 2633 1280 2672 of
1311 2634 1491 2674 Ezekiel
1522 2637 1698 2686 against
1730 2637 1834 2677 ‘the

168 2701 324 2751 prince
352 2701 398 2737 of
423 2699 560 2750 Tyre'
592 2701 637 2738 to
666 2699 846 2739 Lucifer
873 2713 977 2751 was,
1001 2713 1048 2738 as
1076 2700 1224 2738 Moore
1256 2699 1408 2749 points
1435 2701 1513 2739 out
1544 2701 1731 2752 (Stuclies,
1765 2703 1830 2742 iii.

171 2765 343 2816 341-2),
365 2776 390 2802 a
409 2776 614 2803 common
634 2765 840 2814 patristic
859 2766 1221 2815 interpretation.

228 2830 245 2854 ⁶
271 2833 360 2868 Par.
386 2830 415 2867 i.
443 2830 552 2868 5-6:
591 2829 710 2868 ‘vidi
739 2843 834 2869 cose
864 2831 945 2868 che
975 2830 1115 2868 ridire
1146 2829 1211 2867 Ne
1239 2841 1298 2880 sa,
1333 2834 1390 2869 ne
1418 2834 1505 2881 pub
1535 2832 1609 2870 chi
1639 2833 1686 2871 di
1715 2834 1834 2874 lassu

171 2892 419 2934 discende'.
