2054 3380
706 129 1073 181 EPISTOLA
1125 129 1149 179 1
1718 125 1753 179 7

25 284 75 322 25
98 269 330 340 polluxit
345 278 381 323 ²².
459 272 536 322 Et
560 269 629 322 ad
648 269 779 340 quid
798 267 944 321 aliud
964 269 1018 319 in
1035 267 1187 319 civile
1205 267 1403 320 bellum
1424 268 1755 319 corruimus?

100 355 240 419 Quid
273 355 420 407 aliud
460 355 685 408 candida
727 353 947 407 nostrat·
987 353 1172 423 signa1
1209 353 1504 424 petebant?
1578 353 1654 404 Et
1687 351 1754 403 ad
1777 359 1830 398 20

101 441 231 512 quid
274 441 422 494 aliud
465 461 608 494 enses
658 447 711 493 et
761 439 870 493 tela
906 445 1088 492 nostra
1103 448 1124 471 ⁰
1161 439 1426 492 rubebant
1440 436 1462 469 ‘¹
1479 438 1515 502 2,
1553 438 1654 489 nisi
1692 443 1756 489 ut

98 529 188 596 qui
226 527 403 581 civilia
439 528 555 580 iura
591 527 870 579 temeraria
904 525 1182 596 voluptate
1200 526 1220 556 3
1258 530 1654 588 truncaverant,
1703 530 1757 576 et

23 633 76 671 30
100 614 225 684 iugo
256 614 374 684 piae
398 613 529 684 legis
546 612 568 643 4
591 612 727 665 colla
751 611 1142 675 submitterent,
1171 617 1226 664 et
1250 610 1319 663 ad
1342 630 1524 682 pacem
1551 611 1757 681 patriae

102 703 454 770 cogerentur?
507 699 718 770 Quippe
733 704 944 750 nostrae
959 698 1273 750 intentionis
1292 690 1464 768 cuspis
1482 697 1501 727 5
1516 696 1759 767 legitima

99 785 164 837 de
189 804 349 837 nervo
375 803 531 856 quem
556 783 902 836 tendebamus
928 784 1313 854 prorumpens,6
1339 784 1568 854 quietem
1591 781 1755 834 solam
1778 797 1827 836 95

97 875 154 921 et
191 868 495 920 libertatem
533 866 721 938 populi
759 867 803 917 F
805 865 1052 918 lorentini
1092 865 1562 937 petebat—petiit,
1594 871 1757 935 atque

22 972 74 1010 35
100 960 287 1025 petete
339 955 393 1005 in
443 959 729 1024 posterum.
807 951 961 1016 Quod
1010 953 1051 1003 si
1103 958 1214 1004 tam
1258 953 1560 1022 gratissimo
1605 951 1757 1004 nobis

99 1041 350 1094 beneficio
376 1039 626 1111 vigilatis,
665 1045 720 1091 et
757 1037 1077 1091 adversarios
1115 1044 1339 1103 nostros,
1377 1044 1539 1109 prout
1577 1043 1759 1089 sancta

100 1128 378 1180 conamina
412 1125 618 1179 vestraf
652 1124 935 1190 voluerint,
972 1124 1041 1176 ad
1075 1124 1243 1176 sulcos
1281 1124 1451 1177 bonae
1485 1124 1758 1177 civilitatis

25 1231 78 1270 40
101 1213 376 1267 intenditis
402 1232 644 1277 remeare,
672 1213 790 1282 quis
821 1211 969 1264 vobis
1003 1210 1191 1281 dignas
1220 1217 1398 1282 grates
1429 1211 1758 1283 persolvere⁷
1780 1221 1834 1260 30

154 1330 173 1350 ²
203 1327 250 1366 Ο.
278 1330 479 1375 pollicetur
586 1322 605 1349 ¹³
635 1325 725 1365 MS.
759 1328 891 1364 uestra
1004 1328 1021 1348 ⁰
1049 1324 1138 1364 MS.
1175 1328 1306 1363 uestra
1427 1319 1446 1346 ‘¹
1476 1323 1565 1364 MS.
1600 1326 1763 1363 rubeant

102 1384 119 1404 θ
146 1382 194 1421 Ο.
214 1386 374 1433 petebat,
391 1385 501 1432 petit,
525 1384 638 1428 atque
646 1383 746 1428 petet
826 1374 841 1402 f
870 1379 978 1428 MS„
1001 1379 1048 1419 Ο.
1069 1383 1202 1418 nostra

157 1492 173 1518 ²
202 1492 265 1532 As
279 1493 438 1532 tokens
454 1491 501 1532 of
509 1503 665 1542 peace3
687 1491 739 1531 cf.
759 1491 878 1530 Dino
893 1490 1139 1540 Compagni
1156 1488 1243 1542 (iii.
1262 1487 1333 1540 10)
1353 1501 1364 1527 =
1394 1487 1462 1527 ‘Si
1476 1488 1760 1528 schierarono

103 1588 114 1599 .
138 1587 150 1599 .
173 1587 183 1598 .
206 1571 288 1598 con
309 1558 351 1596 le
371 1558 556 1608 insegne
582 1555 771 1596 bianche
799 1556 1010 1607 spiegate,
1042 1568 1065 1595 e
1096 1567 1177 1594 con
1204 1553 1443 1605 ghirlande
1467 1553 1510 1592 d’
1539 1554 1661 1593 ulivo
1681 1583 1692 1594 .
1716 1583 1726 1594 .
1746 1582 1757 1593 .

101 1622 320 1674 gridando
343 1635 437 1670 pace
466 1652 477 1662 .
509 1652 521 1664 .
551 1651 563 1662 .
630 1620 766 1660 Molto
795 1621 844 1660 fu
871 1620 986 1660 bello
1015 1632 1040 1658 a
1068 1618 1256 1670 vederli,
1289 1629 1371 1657 con
1402 1629 1536 1668 segno
1565 1617 1612 1657 di
1638 1630 1759 1669 pace,

103 1687 266 1727 stando
286 1688 499 1726 schierati
512 1686 538 1728 '.

159 1752 176 1777 2
203 1754 244 1792 A
265 1754 491 1802 reference
512 1756 559 1793 to
585 1753 665 1793 the
694 1751 881 1791 warfare
910 1750 961 1790 in
989 1749 1069 1788 the
1098 1748 1292 1800 Mugello
1320 1749 1370 1787 in
1403 1749 1510 1787 1302
1537 1748 1628 1787 and
1659 1748 1764 1787 1303

104 1817 313 1857 recorded
333 1819 392 1868 by
418 1818 537 1857 Dino
559 1816 804 1868 Compagni
832 1815 901 1869 (ii.
931 1815 985 1854 29
1001 1814 1066 1867 ff.)
1095 1814 1185 1854 and
1213 1813 1387 1854 villani
1418 1813 1533 1865 (viii.
1563 1813 1631 1864 53,
1665 1813 1762 1865 60);

105 1897 174 1924 see
196 1886 474 1932 chronoloyical
495 1887 605 1924 Table
624 1885 674 1922 in
694 1884 918 1931 Appendix.

159 1948 176 1973 ⁸
207 1948 367 1988 Parodi
398 1950 548 2000 points
577 1950 655 1988 out
689 1947 811 1999 (Bull.
845 1949 932 1986 Soc.
967 1949 1084 1984 Dant.
1119 1948 1225 1995 Ital„
1253 1944 1355 1984 N.s.
1395 1943 1485 1983 xix.
1524 1944 1625 1995 267)
1664 1943 1766 1982 that

106 2018 279 2061 voluptas
300 2013 441 2065 (often
461 2015 648 2053 written
666 2011 897 2063 volumptas)
920 2023 1010 2050 was
1031 2023 1087 2049 an
1110 2009 1184 2049 old
1204 2010 1318 2048 form
1342 2009 1389 2047 of
1397 2012 1583 2059 voluntas,
1603 2007 1693 2047 and
1710 2007 1767 2046 he

107 2082 264 2129 quotes
296 2079 374 2118 the
408 2079 667 2129 expression
707 2078 789 2117 ‘ex
821 2075 1051 2126 voluptate
1084 2075 1347 2114 testamenti
1360 2074 1386 2113 ’.
1445 2073 1669 2113 Giovanni
1709 2072 1768 2111 da

108 2146 291 2185 Genova
318 2145 368 2182 in
397 2144 470 2182 his
502 2147 718 2183 catholicon
738 2145 794 2194 (s.
809 2154 851 2180 v.
873 2139 1070 2192 voluntas)
1095 2152 1218 2190 says:
1253 2140 1482 2188 ‘Voluntas,
1514 2150 1540 2176 a
1566 2140 1666 2176 volvo
1694 2139 1770 2175 -vis

111 2211 280 2250 dicitur
300 2208 382 2249 hec
401 2213 579 2248 voluntas
599 2213 666 2248 -tis
684 2220 764 2259 per
785 2220 844 2256 ης
872 2209 917 2245 et
947 2206 1029 2244 hec
1058 2208 1235 2252 voluptas
1263 2206 1332 2243 -tis
1358 2215 1439 2254 per
1460 2215 1506 2249 p.
1590 2204 1771 2241 Voluntas

109 2287 190 2325 per
207 2287 236 2313 n
254 2275 321 2314 est
341 2274 609 2313 desiderium
631 2272 835 2312 nondum
856 2271 1016 2321 adepte
1036 2271 1102 2308 rei
1122 2283 1132 2318 ;
1162 2273 1228 2308 set
1253 2272 1429 2315 voluptas
1454 2279 1534 2317 per
1554 2280 1584 2315 p
1610 2268 1676 2306 est
1704 2266 1769 2306 rei

109 2341 268 2390 adepte
289 2339 526 2379 delectatio
545 2340 659 2378 bone
678 2337 750 2377 vel
770 2336 915 2376 male!
974 2334 1058 2385 (Cf.
1084 2338 1192 2376 Conv.
1214 2335 1272 2373 iv.
1295 2334 1333 2384 6,
1357 2333 1405 2374 ll.
1431 2331 1602 2384 104-5.)

166 2404 184 2429 ⁴
214 2404 279 2444 Of.
300 2407 427 2451 Epist.
450 2405 510 2443 vi.
532 2404 585 2443 30
605 2417 615 2442 ι
646 2404 821 2453 ‘iugum
840 2399 1099 2440 libertatis'.

167 2469 183 2494 ¹⁵
215 2470 279 2510 Of.
301 2473 394 2510 Par.
416 2470 511 2508 xiii.
537 2469 616 2507 105
635 2482 645 2507 ε
676 2468 742 2506 ‘lo
763 2467 874 2506 stral
895 2467 942 2505 di
964 2466 1057 2504 mia
1075 2465 1308 2503 intenzion
1326 2462 1349 2501 '.

168 2535 186 2561 ὓ
215 2534 280 2574 Cf.
303 2537 423 2582 Pury.
444 2546 546 2573 xxv.
568 2530 704 2572 17-18
723 2545 733 2581 ;
762 2535 850 2570 Par.
873 2532 930 2570 iv.
953 2531 1019 2569 60.

168 2599 185 2624 ⁷
215 2603 314 2639 Aen.
338 2601 368 2638 i.
389 2599 525 2638 two-5
545 2612 555 2638 ε
586 2598 772 2638 ‘Grates
792 2597 1040 2647 persolvere
1060 2594 1219 2644 dignas
1239 2592 1338 2632 Non
1362 2593 1460 2643 opis
1485 2593 1552 2631 est
1581 2592 1770 2641 nostrae,

117 2665 249 2716 Dido,
280 2675 362 2702 nec
389 2662 613 2713 quidquid
643 2662 807 2712 ubique
835 2662 900 2700 est
932 2661 1092 2701 Gentis
1122 2657 1387 2708 Dardaniae,
1419 2669 1632 2707 magnum
1662 2667 1774 2705 quae

118 2742 268 2780 sparsa
285 2741 363 2779 per
382 2729 546 2768 orbem.
605 2728 663 2767 Di
683 2728 783 2778 tibi,
805 2728 842 2766 si
863 2738 951 2776 qua
970 2726 1066 2776 pios
1085 2725 1340 2774 respectant
1359 2722 1567 2773 numina,
1596 2722 1635 2760 si
1664 2719 1775 2770 quid

119 2795 319 2843 Usquam
347 2794 523 2832 iustitia
551 2794 630 2844 est,
660 2794 705 2831 et
733 2804 861 2831 mens
898 2791 984 2830 sibi
1022 2789 1201 2830 conscia
1237 2789 1360 2839 recti,
1402 2787 1607 2826 Praemia
1639 2786 1776 2836 digna

120 2859 268 2898 ferant
284 2858 318 2908 ’3
348 2858 436 2897 and
456 2858 503 2896 ii.
523 2858 682 2898 536-8:
715 2857 726 2879 ⁴
742 2857 812 2906 Di,
835 2857 872 2896 si
893 2868 980 2906 qua
999 2857 1067 2894 est
1083 2853 1206 2893 coelo
1224 2854 1368 2904 pietas
1383 2864 1497 2902 quae
1511 2851 1622 2890 talia
1634 2850 1772 2899 curet,
