2054 3380
628 136 997 188 EPISTOLA
1049 139 1134 189 III
1186 139 1312 207 (IV)
1729 142 1795 191 ‚⁶25

87 261 90 263 ’
142 272 388 342 nymphis
428 273 545 325 aliis
582 274 846 328 derelictis
884 282 1047 347 atque
1089 279 1343 350 neglectis
1383 282 1436 332 in
1482 300 1612 351 quas
1655 282 1800 351 prius

141 365 407 411 exarserat
421 368 457 424 ²²,
486 361 692 414 noviter
717 362 1055 415 Leucothoen
1075 363 1093 393 ¹
1120 363 1426 436 diligebam:
1465 372 1479 395 ‘
1496 365 1637 429 Quid
1663 385 1801 418 nunc

144 444 452 514 Hyperione
469 446 493 478 b
517 453 642 500 nate
657 448 712 512 '‚²
738 454 793 500 et
817 448 1062 519 reliqua.3

67 539 122 578 50
213 530 240 598 ᾧ
268 532 316 582 5.
358 532 466 584 Sub
499 533 615 597 hoc,
650 533 815 586 frater
849 535 1125 599 carissime,
1157 536 1226 588 ad
1255 538 1555 608 potentiam
1574 547 1594 570 0
1622 536 1803 608 quodd
1823 553 1876 590 40

141 621 328 668 contra
364 618 789 671 Rhamnusiae⁰4
815 621 1018 691 spicula
1058 622 1124 673 sis
1164 623 1406 693 patiensf
1443 630 1498 677 te
1534 625 1800 677 exhortor.

143 701 373 773 Perlege,
394 703 657 776 deprecor,
673 707 1036 759 Fortuitorum
1061 710 1306 762 Remedia
1323 710 1359 774 ⁵,
1381 730 1516 781 quae
1546 711 1614 763 ab
1640 710 1802 781 incly-

69 795 122 834 55
143 787 347 841 tissimo
372 790 807 862 philosophorum
839 795 1033 846 Seneca
1059 795 1225 859 nobiS‚
1256 796 1403 849 velut
1440 817 1472 849 a
1505 803 1657 868 patre
1684 796 1804 848 filiis

144 874 540 941 ministrantur3
559 883 614 930 et
633 877 767 930 illud
783 878 849 931 de
870 882 1123 933 memoria
1139 891 1295 934 saneg
1313 888 1409 935 tua
1428 901 1535 935 non
1555 882 1805 935 defluatssz

146 959 230 1012 ‘Si
270 960 335 1013 de
373 962 578 1022 mundo
608 965 856 1029 fuissetis,
896 967 1122 1020 mundus
1160 968 1306 1039 quod
1347 989 1499 1022 suum
1534 976 1648 1023 erat
1683 969 1802 1022 dili·
1825 986 1876 1024 45

142 1049 324 1115 geret.'
340 1047 358 1078 ⁷

197 1164 216 1185 ²
245 1162 333 1202 MS.
357 1175 540 1203 exarseret.
814 1164 832 1189 b
862 1166 950 1207 MS.
974 1171 1144 1214 operione
1390 1172 1407 1193 ‘²
1437 1169 1527 1209 MS.
1549 1173 1806 1217 prootemiam

142 1213 161 1239 ‘³
191 1216 418 1265 MS.quam
537 1222 553 1241 θ
581 1219 874 1267 mammaeae
986 1218 999 1243 f
1030 1223 1119 1262 MS.
1135 1226 1265 1270 paties
1374 1228 1392 1252 Β
1423 1225 1517 1264 MS.
1539 1237 1644 1264 sana

151 1315 159 1346 ἰ
201 1315 215 1338 ¹
247 1315 476 1367 Daughter
505 1319 553 1357 of
576 1319 654 1358 the
683 1319 966 1371 Babylonian
986 1322 1097 1373 king
1116 1322 1394 1372 Orchamus3
1422 1323 1501 1363 the
1522 1324 1747 1363 reference
1768 1324 1807 1363 is

146 1384 191 1421 to
221 1381 374 1422 Ovid's
402 1386 589 1424 account
622 1385 796 1435 (Metam.
818 1386 880 1426 iv.
903 1387 980 1426 192
1005 1387 1071 1439 ff.)
1103 1387 1153 1427 of
1171 1388 1274 1427 how
1295 1388 1456 1439 Apollo
1487 1389 1552 1441 (as
1579 1390 1658 1428 the
1689 1389 1806 1441 Sun)

56 1468 60 1472 ,
145 1459 236 1486 was
263 1448 451 1487 taunted
471 1450 584 1488 with
604 1450 774 1501 having
798 1451 1005 1491 deserted
1025 1452 1086 1491 all
1105 1452 1184 1491 the
1210 1453 1338 1492 other
1361 1453 1558 1503 nymphs
1576 1453 1728 1492 whom
1749 1454 1807 1492 he

145 1513 234 1552 had
254 1513 395 1563 loved,
420 1514 510 1553 and
531 1515 647 1554 with
667 1516 804 1567 being
822 1517 1034 1556 enslaved
1054 1517 1113 1568 by
1136 1517 1381 1557 Leucothoe
1402 1518 1549 1559 alone.

198 1577 214 1603 2
241 1577 356 1618 That
377 1579 429 1631 is,
450 1579 611 1630 Apollo
634 1580 732 1632 (the
751 1580 881 1632 Sun).

200 1644 215 1667 ³
605 1646 720 1697 Quid
748 1658 885 1698 nunc,
919 1647 1180 1698 Hyperione
1208 1650 1328 1698 nate,

306 1709 466 1748 Forma
495 1710 700 1760 colorque
728 1712 815 1751 tibi
842 1711 1105 1763 radiataque
1134 1713 1311 1751 lumina
1338 1714 1562 1763 prosunt?

309 1775 479 1825 Nempe
509 1776 598 1816 tuis
627 1789 782 1818 omnes
811 1779 890 1828 qui
920 1780 1062 1818 terras
1090 1779 1270 1828 ignibus
1298 1780 1408 1830 uris,

307 1840 463 1880 Ureris
490 1841 593 1891 igne
620 1853 738 1882 novo
753 1855 765 1892 3
792 1842 959 1892 quique
987 1844 1137 1883 omnia
1166 1856 1345 1883 cernere
1374 1844 1505 1883 debes

309 1904 593 1945 Leucothoen
622 1908 807 1958 spectas,
836 1910 882 1947 et
909 1908 1085 1959 virgine
1114 1908 1213 1959 figis
1242 1909 1292 1947 in
1320 1921 1412 1947 una

308 1970 423 2020 Quos
451 1971 623 2010 mundo
652 1972 783 2012 debes
812 1973 960 2013 oculos
989 2004 1000 2014 .
1032 2004 1042 2014 .
1080 2003 1090 2014 .

309 2034 472 2086 Diligis
499 2035 616 2075 hanc
646 2048 816 2087 unam3
846 2050 928 2077 nee
957 2040 1002 2077 te
1030 2038 1335 2088 Clymeneque
1365 2038 1643 2088 Rhodosque,

309 2100 398 2139 Nec
425 2102 550 2140 tenet
577 2101 747 2142 Aeaeae
774 2104 976 2154 genetrix
1003 2103 1307 2155 pulcherrima
1331 2103 1489 2152 Circes,

310 2165 516 2215 Quaeque
545 2168 648 2205 tuos
675 2167 823 2218 Clytie
852 2169 1060 2218 quamvis
1089 2169 1295 2219 despecta
1321 2168 1500 2218 petebat

311 2230 598 2282 Concubitus,
628 2231 813 2282 ipsoque
841 2233 922 2272 illo
949 2246 1082 2284 grave
1110 2234 1277 2272 vulnus
1305 2232 1497 2271 habebat

308 2291 532 2342 Tempore.
594 2292 842 2333 Leucothoe
872 2294 1120 2334 multarum
1149 2294 1314 2334 oblivia
1342 2294 1460 2333 fecit.
1493 2324 1503 2334 .
1537 2324 1547 2334 .
1578 2324 1589 2335 .

1186 2363 1358 2410 (Metam.
1382 2359 1443 2398 iv.
1466 2360 1612 2410 192-7,
1634 2361 1808 2414 204-8.)

204 2421 219 2446 4
250 2422 390 2461 Name
418 2423 598 2474 applied
626 2425 671 2463 to
700 2424 917 2475 Nemesis,
952 2426 1033 2465 the
1061 2425 1246 2476 goddess
1275 2425 1324 2463 of
1350 2425 1617 2464 retributive
1646 2424 1808 2475 justice

152 2487 297 2539 (Ovid,
320 2490 476 2528 Metam.
506 2488 572 2527 iii.
605 2489 686 2527 406
702 2502 714 2538 ;
741 2491 831 2529 xiv.
864 2490 974 2539 694;
1004 2493 1118 2531 Trist.
1138 2503 1179 2529 v.
1202 2491 1242 2541 8,
1267 2489 1329 2542 9),
1359 2489 1475 2528 from
1503 2501 1529 2528 a
1558 2489 1809 2530 celebrated

149 2551 317 2602 temple
338 2553 388 2590 in
408 2552 491 2591 her
510 2552 688 2592 honour
707 2555 753 2592 at
771 2554 1006 2594 Rhamnus
1026 2555 1076 2594 in
1095 2554 1261 2593 Attica.

205 2615 222 2640 ⁵
250 2615 342 2654 The
388 2619 500 2655 Liber
535 2621 589 2656 ad
629 2621 826 2657 Galionem
862 2622 907 2657 de
944 2622 1142 2658 Remediis
1184 2621 1446 2657 Fortuitorum
1492 2619 1541 2657 of
1584 2619 1809 2659 Martinus

151 2681 422 2732 Dumiensis‚
457 2682 743 2734 Archbishop
779 2684 828 2722 of
861 2683 1005 2734 Braga
1038 2684 1102 2737 (d.
1127 2696 1156 2722 c.
1192 2683 1307 2734 580),
1350 2684 1607 2733 commonly
1645 2685 1693 2722 in
1730 2686 1808 2723 the

150 2746 319 2785 Middle
340 2746 454 2796 Ages
473 2747 718 2786 attributed
733 2750 783 2786 to
804 2749 983 2788 Seneca.

207 2810 223 2835 θ
253 2811 318 2850 Cf.
342 2810 421 2849 the
441 2810 616 2850 similar
632 2812 793 2861 phrase
815 2814 863 2851 in
882 2817 1009 2860 Epist.
1034 2814 1108 2852 vii.
1134 2813 1240 2850 76-7
1260 2827 1270 2852 :
1301 2814 1311 2833 ⁶
1329 2813 1383 2851 ab
1405 2812 1597 2863 Augusti
1624 2813 1810 2852 circum-

151 2877 378 2926 spectione
399 2888 490 2915 non
510 2876 676 2916 defluat
691 2877 714 2917 '.
1378 2875 1396 2901 ⁷
1424 2880 1530 2916 John
1548 2890 1619 2918 xv.
1645 2878 1709 2917 19.
