2054 3380
226 108 330 158 184
651 114 994 168 LETTERS
1045 118 1141 170 OF
1190 119 1299 170 DA
1306 119 1455 170 NTE

115 257 198 297 390
220 248 496 305 intellectu
515 276 529 316 ;
561 260 616 307 et
633 255 779 325 quod
795 265 819 289 ³
837 277 869 309 a
889 264 1084 311 natura
1109 265 1189 312 est
1205 258 1244 324 ¹³,
1262 278 1358 330 per
1375 279 1696 330 consequens
1712 280 1888 314 causa-

219 341 337 389 tum
355 344 434 390 est
453 338 522 392 ab
539 340 832 408 intellectU‚
849 363 1014 414 quum
1034 351 1228 398 natura
1248 346 1318 398 sit
1334 364 1466 416 opus
1484 345 1886 418 intelligentiae.

221 426 391 478 Omne
422 446 548 497 ergo
576 428 721 499 quod
747 436 828 482 est
853 438 1145 495 causatum,
1173 437 1253 483 est
1277 437 1551 485 causatum
1568 440 1589 464 ⁰
1614 433 1683 486 ab
1707 433 1888 504 aliquo
1909 444 1992 483 300

220 511 497 565 intellectu
516 512 538 544 ‘³
565 514 794 568 mediate
814 524 834 547 ⁰
860 517 942 570 vel
969 517 1289 571 immediate.
1368 519 1543 581 Quum
1570 538 1696 590 ergo
1722 520 1889 572 virtus

113 603 195 641 395
220 604 473 667 sequatur
499 602 775 654 essentiam
816 605 965 656 cuius
1001 611 1081 657 est
1107 606 1290 670 virtus,
1319 605 1361 656 si
1393 607 1619 659 essentia
1653 606 1887 659 intellec-

219 685 348 747 tiva,
374 693 455 739 est
480 692 602 739 tota
622 687 641 717 ¹
669 695 724 742 et
751 691 905 742 unius
922 690 941 720 f
966 711 1103 761 quae
1123 701 1146 732 8
1171 697 1368 744 causat.
1435 693 1512 744 Et
1538 693 1609 744 sic
1639 693 1888 763 quemad-

219 770 433 823 modum
474 774 619 844 prius
646 774 890 829 devenire
929 783 1045 830 erat
1083 778 1153 831 ad
1189 779 1417 849 primam
1468 799 1678 832 causam
1725 781 1888 851 ipsius

114 865 196 904 400
219 876 342 922 esse,
396 860 468 911 sic
524 880 663 913 nunc
713 863 968 916 essentiae
1009 870 1064 917 et
1108 865 1344 918 virtutis,
1421 866 1653 936 Propter
1674 866 1698 897 ¹²
1742 866 1888 937 quod
1908 878 1988 917 305

217 951 371 1015 patet
396 946 540 1018 quod
565 950 736 1001 omnis
774 951 1000 1003 essentia
1037 958 1092 1004 et
1127 953 1295 1004 virtus
1326 951 1613 1023 procedati
1638 973 1671 1005 a
1696 954 1886 1024 prima,

218 1037 273 1083 et
298 1032 686 1105 intelligentiae
713 1037 984 1090 inferiores
1019 1039 1281 1109 recipiant
1315 1040 1463 1110 quasi
1490 1059 1523 1092 a
1547 1039 1807 1104 radiante,
1834 1048 1889 1094 et

215 1118 445 1172 reddant
471 1121 648 1174 radios
675 1125 960 1195 superioris
998 1125 1068 1177 ad
1107 1145 1259 1177 suum
1299 1126 1534 1189 inferius,
1562 1125 1632 1177 ad
1671 1126 1886 1179 modum

111 1216 190 1255 405
215 1207 588 1276 speculorum.2
656 1210 811 1274 Quod
838 1213 967 1263 satis
993 1219 1177 1283 aperte
1202 1218 1424 1283 tangere
1450 1212 1664 1265 videtur
1684 1213 1887 1284 Diony-

214 1293 319 1345 sius
340 1294 361 1325 3
398 1294 465 1347 de
503 1296 714 1350 coelesti
751 1298 1046 1351 hierarchia
1081 1299 1341 1370 loquens.4
1415 1301 1494 1351 Et
1531 1305 1751 1371 propter
1787 1300 1888 1353 hoc
1906 1306 1989 1346 310

268 1426 287 1445 ‘²
315 1423 481 1464 Μ.1Μ.2
501 1439 573 1474 quo
742 1425 762 1451 b
791 1428 905 1468 M.V.
932 1430 1044 1468 omit
1063 1434 1118 1468 est
1294 1433 1311 1453 0
1341 1430 1423 1470 Me.
1449 1431 1586 1469 omits
1604 1435 1660 1469 est
1677 1436 1886 1471 causatum

214 1474 233 1500 ‘¹
262 1478 312 1518 V.
338 1480 473 1519 omits
493 1494 615 1528 Quum
634 1487 782 1521 natura
801 1486 854 1521 sit
871 1496 965 1530 opus
993 1514 1002 1523 .
1039 1515 1048 1523 .
1080 1514 1089 1523 .
1123 1487 1312 1524 intellectu
1488 1489 1504 1508 θ
1534 1486 1618 1525 Me.
1639 1489 1702 1526 uel
1719 1490 1886 1526 mediate

212 1527 227 1554 f
255 1533 301 1572 Ο.
322 1538 358 1572 εἰ
378 1540 541 1574 essentia
560 1540 612 1575 stt
630 1540 868 1589 intellectiva,
887 1543 1008 1577 virtus
1029 1544 1103 1578 tota
1123 1545 1175 1579 est
1188 1542 1310 1579 unius
1391 1543 1411 1568 3
1441 1540 1524 1580 Me.
1540 1554 1615 1589 quo
1698 1538 1719 1563 ¹¹
1749 1541 1799 1581 V.
1813 1555 1886 1590 per

212 1583 221 1609 ¹
253 1588 396 1629 Me.V.
412 1594 586 1636 procedit

265 1698 280 1725 ¹
309 1701 452 1741 There
479 1703 517 1742 is
544 1715 602 1742 no
629 1703 862 1756 authority
882 1704 950 1744 for
973 1705 1047 1744 the
1075 1704 1383 1756 interpolated
1410 1708 1535 1744 virtus
1562 1707 1613 1746 in
1640 1707 1706 1759 0.,
1730 1708 1882 1748 which

211 1767 249 1805 is
270 1766 355 1806 due
377 1770 423 1807 to
444 1768 661 1809 Giuliani.

266 1829 282 1855 2
311 1832 378 1872 Of.
403 1835 510 1872 Οοηυ.
533 1834 598 1874 iii.
623 1834 691 1884 14,
714 1834 761 1875 11.
784 1835 906 1887 35—7‚
929 1834 1096 1884 quoted
1118 1835 1167 1874 in
1187 1837 1292 1874 note
1315 1836 1340 1873 2
1362 1848 1419 1874 on
1438 1848 1482 1886 p.
1508 1837 1602 1876 183.

263 1896 280 1922 ³
309 1897 555 1949 Dionysius
568 1899 646 1939 the
657 1900 946 1951 Areopagum
967 1900 1019 1941 cf.
1031 1902 1152 1947 Epist.
1162 1900 1261 1940 viii.
1277 1901 1366 1951 117,
1380 1899 1469 1939 and
1485 1902 1601 1940 note.
1638 1901 1884 1952 Dionysius

209 1963 247 2001 is
276 1963 432 2014 placed
462 1965 522 2014 by
550 1964 698 2004 Dante
728 1965 778 2004 in
808 1966 887 2004 the
916 1965 1104 2005 Heaven
1135 1965 1184 2004 of
1207 1965 1287 2004 the
1318 1966 1427 2015 Sun,
1456 1978 1619 2017 among
1648 1966 1726 2006 the
1754 1970 1880 2017 great

209 2028 382 2069 doctors
412 2030 461 2069 of
485 2031 790 2082 theChurch,
814 2034 913 2071 Par.
938 2043 982 2071 x.
1011 2031 1196 2071 115-17:
1240 2031 1373 2081 ‘quel
1403 2043 1502 2070 cero
1533 2031 1638 2081 Che,
1673 2032 1800 2082 giuso
1829 2033 1878 2072 in

207 2106 354 2146 carne,
379 2097 457 2146 piu
477 2096 697 2136 addentro
716 2097 821 2136 vide
841 2096 1092 2148 L'angelica
1111 2098 1274 2136 natura
1295 2109 1319 2135 e
1339 2096 1375 2135 il
1395 2096 1637 2136 ministero
1653 2096 1676 2136 '.
1954 2098 1958 2103 ”

262 2158 277 2183 ‘²
307 2164 450 2200 Coelest.
473 2163 582 2200 Hier.
607 2162 677 2210 iii,
701 2164 721 2209 §
743 2162 796 2200 2:
830 2161 1153 2201 ‘Pulchritudo
1182 2162 1340 2201 divina
1363 2163 1414 2201 ut
1442 2161 1648 2212 simplex,
1671 2163 1724 2201 ut
1744 2162 1874 2214 bona,

207 2226 259 2264 ut
296 2225 590 2276 perfectionis
629 2229 760 2267 autor
796 2240 910 2278 pura
943 2227 1128 2277 quidem
1162 2229 1243 2278 est,
1282 2227 1547 2277 nullamque
1584 2240 1766 2278 prorsus
1800 2229 1877 2268 ad-

206 2291 476 2331 mixtionem
504 2293 900 2333 dissimilitudinis
926 2292 1126 2344 suscipit.
1187 2293 1359 2332 Verum
1379 2293 1580 2343 singulos
1598 2305 1681 2343 pro
1700 2294 1876 2334 meritis

205 2357 319 2395 lucis
366 2369 469 2396 suae
515 2358 760 2409 participes
807 2358 946 2408 facit;
999 2360 1045 2397 et
1092 2360 1372 2397 sacrosancto
1419 2358 1637 2408 mysterio
1683 2355 1875 2408 perficit,

204 2423 429 2469 quantum
468 2423 658 2473 quisque
696 2423 905 2463 initiatus
943 2434 1141 2474 congrue
1185 2422 1311 2461 illius
1354 2423 1405 2461 in
1447 2435 1494 2462 se
1537 2422 1873 2462 immutabilem

205 2487 455 2536 exprimere
476 2487 667 2538 effigiem
688 2489 866 2530 nititur.
925 2489 1006 2528 Est
1026 2501 1130 2539 ergo
1157 2488 1447 2527 sacratissimi
1467 2488 1606 2527 huius
1623 2488 1874 2528 funos-,lonis

203 2551 412 2603 intentio,
437 2552 526 2592 Deo
546 2556 769 2603 quantum
790 2554 888 2593 fieri
908 2556 1053 2605 potest
1073 2553 1271 2593 similem
1291 2554 1490 2604 evadere,
1516 2566 1750 2604 unumque
1768 2566 1871 2594 cum

203 2616 284 2656 illo
321 2617 433 2657 fieri.
504 2619 622 2670 Quae
657 2620 855 2670 profecto
895 2620 1140 2659 destinatio
1178 2619 1324 2658 Deum
1362 2619 1514 2670 ipsum
1557 2619 1693 2659 habet
1730 2620 1871 2660 totius

202 2683 455 2722 sacratioris
471 2685 685 2724 scientiae
702 2686 746 2723 et
762 2686 954 2725 actionis
968 2685 1322 2735 praeceptorem3
1352 2685 1491 2734 inque
1507 2683 1635 2724 illius
1649 2685 1868 2735 augustis-

201 2747 362 2786 simam
382 2751 575 2798 speciem
602 2751 783 2790 intenta
809 2763 983 2801 semper
1005 2763 1055 2789 ac
1085 2748 1290 2802 firmiter,
1314 2754 1452 2800 atque
1475 2749 1533 2788 ad
1561 2749 1689 2789 illam
1716 2761 1762 2788 se
1788 2761 1869 2800 pro

135 2811 137 2814 ⁴
201 2813 371 2852 virium
391 2815 522 2854 modo
543 2828 825 2866 componens.
883 2816 969 2855 Eos
996 2817 1136 2854 etiam
1157 2816 1235 2864 qui
1263 2828 1413 2855 secum
1439 2815 1597 2855 divina
1621 2816 1864 2866 sectantur,

203 2878 285 2916 Dei
318 2879 446 2928 signa
474 2882 518 2919 et
550 2882 770 2931 imagines
800 2880 949 2933 efficit,
977 2893 1027 2920 ac
1057 2880 1289 2932 perlucida
1318 2879 1499 2931 specula
1528 2881 1574 2919 et
1607 2881 1732 2919 omni
1766 2879 1865 2918 labe
