2054 3380
249 147 353 198 142
677 150 1021 204 LETTERS
1073 152 1169 204 OF
1219 152 1483 204 DANTE

245 293 408 363 pet),⁸
432 293 474 345 si
494 292 519 324 b
545 293 817 345 unanimes
843 312 1022 345 omnes
1046 294 1138 364 qui
1165 294 1467 347 huiusmodi
1507 296 1917 350 exorbitationis

247 378 423 431 fuistis
461 385 720 442 auctoreS,
748 399 847 451 pro
885 381 1090 451 Sponsa
1127 381 1345 446 Christi,
1373 401 1471 452 pro
1509 382 1629 436 sede
1667 385 1917 456 Sponsae,

147 479 226 519 180
246 484 382 535 quae
420 467 595 518 Roma
622 472 718 532 est,
746 486 844 538 pro
876 466 1039 520 Italia
1069 474 1268 532 nostra,
1296 474 1352 521 et
1390 475 1454 522 ut
1486 469 1692 540 plenius
1726 470 1917 536 dicam,
1943 484 2020 523 135

248 571 347 622 pro
377 558 497 605 tota
531 553 751 606 civitate
781 554 1191 624 peregrinante⁰
1216 556 1270 606 in
1302 556 1458 607 terris
1475 556 1512 620 ¹,
1540 557 1767 610 viriliter
1795 577 1916 629 pro-

247 638 544 710 pugnefisd,
562 646 625 691 ut
641 638 707 692 de
723 640 989 711 palaestra
1008 642 1112 692 iam
1130 642 1306 713 coepti
1324 643 1668 708 certaminiS,2
1684 644 1920 716 undique

147 736 224 775 185
247 725 316 778 ab
337 727 533 778 Oceani
550 727 787 797 margine
809 727 1229 799 circumspecta,3
1251 730 1597 800 vosmetipsos
1613 750 1730 782 cum
1747 731 1920 802 gloria

247 813 542 878 offerentes,
569 812 754 866 audire
786 814 1032 885 possitis:
1076 814 1296 867 ‘Gloria
1334 817 1386 867 in
1415 816 1728 880 excelsis'4;
1766 823 1820 870 et
1858 824 1921 870 ut

248 902 543 953 Vasconum
585 900 950 972 opprobrium,
991 902 1082 971 qui
1122 908 1234 953 tam
1277 901 1396 954 dira
1433 902 1685 975 cupidine
1729 905 1921 957 confla·
1946 921 2025 960 140

247 993 463 1059 grantes
506 988 825 1040 Latinorum
865 987 1092 1058 gloriam
1139 988 1239 1041 sibi
1278 1008 1533 1061 usurpare
1570 991 1920 1056 contendunt,

151 1090 228 1128 190
249 1082 377 1146 pere
404 1073 610 1126 saecula
634 1081 827 1127 cuncta
854 1075 1039 1127 futura
1065 1076 1136 1128 sit
1163 1077 1389 1147 posteris
1417 1078 1471 1129 in
1498 1076 1847 1149 exemplum.⁵

302 1226 321 1246 ³
350 1223 398 1263 Ο.
417 1235 657 1272 quamquam
678 1237 757 1262 non
775 1226 827 1263 sit
843 1227 940 1272 quin
957 1229 1050 1264 nota
1069 1227 1300 1273 cicatrixque
1320 1228 1486 1272 infamis
1504 1229 1765 1274 Apostolicam
1789 1229 1923 1266 Sedem

247 1282 386 1317 usserit
406 1282 461 1316 ad
479 1283 620 1330 mmm,
646 1282 681 1318 et
697 1283 762 1317 cui
781 1283 871 1317 coeli
889 1284 923 1318 et
941 1283 1046 1318 terra
1065 1285 1160 1319 sunt
1175 1284 1372 1330 reservati,
1393 1285 1564 1328 detumet
1686 1279 1704 1305 ι)
1733 1281 1823 1321 MS.
1849 1285 1924 1320 Sin

249 1337 266 1356 ⁰
296 1333 385 1373 MS.
396 1338 639 1382 peregrinata
656 1347 666 1383 3
686 1335 733 1374 Ο.
746 1337 1087 1383 pereqrinantium
1161 1331 1179 1357 ‘¹
1212 1335 1301 1376 MS.
1319 1340 1627 1384 propunyniatis
1701 1339 1717 1358 θ
1748 1336 1838 1376 MS.
1851 1349 1924 1383 pro

305 1449 321 1475 ¹
349 1454 444 1491 Heb.
469 1452 531 1492 xi.
559 1451 624 1491 13.

305 1516 321 1541 2
348 1517 458 1556 This
477 1516 704 1556 reference
725 1517 770 1555 to
793 1517 805 1538 ⁴
819 1516 898 1555 the
918 1517 1092 1556 contest
1118 1517 1220 1556 that
1249 1517 1287 1556 is
1313 1517 1497 1569 already
1517 1518 1662 1569 begun
1677 1519 1687 1534 ’
1710 1519 1861 1559 makes
1886 1520 1925 1559 it

249 1582 460 1633 probable
498 1581 602 1622 that
636 1582 715 1621 the
749 1582 886 1621 letter
918 1594 1011 1621 was
1044 1582 1229 1622 written
1264 1584 1315 1622 in
1351 1583 1429 1622 the
1469 1585 1592 1635 early
1625 1584 1734 1635 days
1768 1585 1816 1624 os
1846 1586 1925 1624 the

248 1648 468 1687 Conclave
491 1646 579 1698 (see
598 1647 751 1697 above,
770 1659 812 1697 p.
836 1647 947 1700 126).

304 1711 498 1752 ⁸-Moore
527 1715 729 1763 suggests
761 1713 935 1764 (studies
963 1716 1008 1751 in
1035 1716 1174 1764 Dante,
1209 1713 1272 1753 iii.
1308 1713 1402 1764 114,
1436 1726 1480 1754 n.
1514 1714 1560 1767 5)
1588 1713 1692 1753 that
1725 1714 1802 1754 the
1832 1715 1924 1754 real

250 1778 437 1828 reading
465 1779 572 1816 here
603 1790 708 1828 may
734 1778 786 1816 be
815 1781 1080 1829 circumsepta,
1104 1790 1152 1817 as
1180 1778 1365 1818 Dante's
1391 1779 1538 1818 words
1564 1792 1685 1819 seem
1712 1781 1759 1820 to
1786 1780 1839 1820 be
1865 1793 1925 1820 an

249 1843 358 1883 echo
385 1843 434 1882 of
459 1844 537 1882 the
563 1843 727 1894 phrase
755 1843 803 1882 of
826 1843 1035 1882 Orosius:
1067 1844 1240 1882 ‘orbem
1261 1844 1400 1883 totius
1426 1847 1587 1894 terrae,
1611 1846 1765 1884 oceani
1786 1845 1925 1885 limbo

249 1910 622 1960 circumseptum'
649 1909 696 1962 (i.
722 1909 762 1956 2,
786 1911 806 1956 ξ
830 1908 889 1957 l).

304 1974 322 2000 ⁴
350 1978 457 2014 Luke
475 1975 565 2014 xix.
589 1975 656 2015 38.

305 2039 322 2064 ⁵
351 2041 499 2079 Dante
519 2051 624 2090 may
643 2039 757 2078 have
779 2039 870 2078 had
890 2039 940 2078 in
961 2039 1092 2078 mind
1113 2039 1220 2079 here
1239 2039 1318 2079 the
1339 2040 1490 2079 words
1509 2040 1558 2079 of
1573 2041 1786 2082 Boniface
1806 2041 1924 2081 VIII

251 2107 300 2146 in
320 2106 399 2145 the
421 2104 528 2145 Bull
550 2105 598 2144 of
615 2105 718 2155 May
740 2105 806 2155 10,
827 2104 949 2153 1297,
965 2105 1150 2156 already
1171 2105 1355 2155 quoted,
1372 2106 1524 2144 where
1545 2107 1602 2145 he
1623 2119 1748 2157 says:
1784 2107 1924 2146 ‘sicut

251 2171 404 2211 deficit
423 2171 577 2210 fumus
597 2170 827 2220 deficiant,
848 2171 894 2209 et
920 2171 1036 2209 sicut
1062 2170 1166 2210 fluit
1187 2182 1288 2210 cera
1311 2183 1337 2210 a
1363 2170 1474 2210 facie
1501 2171 1620 2221 ignis
1646 2172 1711 2212 sic
1738 2174 1926 2223 pereant

250 2239 504 2289 peccatores
533 2237 583 2275 in
612 2237 746 2287 malo,
777 2235 985 2276 exultent
1016 2237 1128 2275 iusti
1157 2236 1208 2274 in
1239 2240 1479 2287 conspectu
1510 2237 1593 2276 Dei
1622 2239 1668 2278 et
1697 2238 1746 2277 in
1775 2237 1926 2277 letitia

252 2303 546 2353 delectentur,
590 2301 863 2341 habentibus
904 2302 1077 2341 virtute
1119 2303 1347 2351 premium
1390 2303 1435 2341 et
1477 2302 1610 2354 culpa
1651 2303 1924 2354 supplicium

251 2369 479 2407 transiens
497 2370 661 2415 posteris
687 2370 732 2406 in
758 2356 986 2418 exemplam,
1011 2378 1066 2405 ex
1093 2379 1166 2406 ore
1193 2367 1396 2406 sedentis
1425 2369 1475 2407 in
1502 2370 1632 2407 trono
1657 2369 1925 2420 procedente

252 2433 401 2483 gladio
421 2433 492 2471 bis
511 2433 639 2471 acuto
651 2432 662 2448 '
685 2435 896 2483 (Registres
914 2435 960 2472 de
976 2435 1159 2479 Boniface
1179 2434 1297 2483 VIII,
1318 2433 1400 2473 No.
1416 2433 1558 2484 2388).
1605 2434 1675 2485 By
1689 2433 1771 2472 the
1791 2435 1927 2483 irony

251 2498 302 2536 of
325 2498 417 2537 fate
437 2497 517 2536 the
545 2509 768 2536 successor
793 2496 843 2535 of
866 2496 1072 2537 clement
1090 2497 1131 2536 V
1151 2508 1241 2534 was
1267 2498 1344 2547 yet
1372 2498 1564 2537 another
1589 2498 1766 2538 French
1794 2497 1924 2548 Pope,

251 2562 376 2602 John
397 2562 547 2614 XXII,
573 2575 598 2602 a
624 2563 779 2601 native
806 2561 853 2601 of
878 2561 1062 2611 Gahors‚
1087 2562 1192 2601 who
1219 2563 1258 2601 is
1286 2562 1472 2613 coupled
1493 2564 1610 2602 with
1639 2562 1847 2602 clement
1873 2562 1924 2602 in

254 2626 438 2667 Dante’s
459 2628 787 2667 denunciation
815 2628 897 2679 (by
915 2627 993 2667 the
1021 2627 1179 2666 mouth
1204 2626 1252 2665 of
1277 2627 1340 2667 St.
1364 2628 1513 2681 Peter)
1537 2628 1586 2669 of
1608 2628 1731 2668 their
1749 2629 1924 2669 avariae

252 2692 343 2732 and
364 2693 616 2733 extortions
635 2694 687 2732 in
708 2695 802 2734 Par.
822 2692 959 2732 xxvii.
981 2692 1104 2733 58-9.
