2054 3380
255 109 326 164 68
693 112 1036 165 LETTERS
1088 112 1183 164 OF
1231 111 1498 163 DANTE

256 253 404 318 dicit,
446 259 594 307 ‘mea
631 261 712 307 est
749 254 887 307 ultio
901 253 954 318 '‚¹
993 253 1059 307 de
1103 254 1247 307 coelo
1285 272 1392 305 non
1430 252 1638 317 cecidit,
1673 272 1738 305 ex
1788 271 1927 304 nunc

182 352 232 390 25
258 341 421 393 severi
449 340 639 392 iudicis
666 340 990 393 adventante
1018 340 1215 393 iudicio
1242 339 1445 411 pallore
1471 346 1744 392 notentur.

330 429 357 496 ᾧ
383 430 431 480 2.
474 429 577 479 Vos
598 434 777 479 autem
794 427 976 479 divina
996 428 1112 479 iura
1131 433 1186 479 et
1206 428 1440 479 humana
1458 426 1924 496 transgredienteS,

256 533 385 583 quos
423 513 541 566 dira
579 513 891 585 cupiditatis
933 514 1193 585 ingluvies
1233 519 1449 585 paratos
1495 514 1549 564 in
1589 533 1743 565 omne
1782 512 1927 564 nefas
1950 526 2004 566 20

181 613 234 651 30
256 600 445 664 illexit,
473 620 647 653 nonne
672 607 845 653 terror
870 600 1125 652 secundae
1153 600 1377 652 mortis2
1412 600 1671 669 exagitat,
1703 618 1767 651 ex
1801 618 1925 669 quc,

255 687 415 757 primi
454 693 509 739 et
547 687 642 739 soli
682 687 864 757 iugum
912 686 1215 739 libertatis³
1262 687 1554 750 horrentes,
1595 687 1650 738 in
1694 685 1926 738 Romani

256 774 528 845 principis,
572 773 769 826 Mundi
818 775 956 844 regis
1000 780 1055 828 et
1100 774 1204 825 Dei
1256 773 1503 836 ministri,
1547 772 1773 843 gloriam
1824 773 1925 824 fre-

257 859 538 923 muistis⁴;
588 866 751 930 atque
794 861 907 911 iure
962 859 1392 931 praescriptionis
1443 864 1669 924 utentes,
1715 858 1928 911 debitae

180 958 232 996 35
257 945 598 998 subiectionis
634 946 862 998 officium
896 945 1225 1017 denegando,
1253 946 1307 997 in
1334 945 1636 998 rebellionis
1663 945 1927 997 vesaniam
1951 967 2003 1006 25

258 1033 517 1084 maluistis
542 1034 813 1103 insurgere
832 1036 852 1085 ?
869 1031 888 1062 5
952 1034 1043 1084 An
1069 1033 1347 1103 ignoratis,
1368 1039 1602 1085 amentes
1627 1038 1682 1085 et
1702 1031 1928 1096 discoli,⁶

256 1119 473 1189 publica
511 1119 628 1170 iura
664 1138 784 1170 cum
824 1118 936 1170 sola
973 1119 1230 1189 temporis
1265 1119 1641 1171 terminatione
1678 1118 1836 1183 finiri,
1874 1124 1930 1170 et

256 1205 455 1257 nullius
490 1205 924 1276 praescriptionis
959 1204 1163 1256 calculo
1198 1204 1311 1257 fore
1341 1204 1650 1257 obnoxiaa?
1724 1205 1930 1276 Nempe

181 1308 237 1348 40
257 1291 434 1362 legum
473 1293 769 1344 sanctiones
807 1291 1050 1343 almaeb⁷
1098 1290 1388 1353 declarant,
1427 1298 1483 1343 et
1518 1293 1752 1343 humana
1788 1292 1930 1343 ratio

258 1377 654 1449 percunctando
679 1377 933 1441 decernit,
961 1378 1179 1449 publica
1215 1397 1391 1430 rerum
1425 1377 1676 1442 dominia,
1704 1383 1930 1448 quanta·
1950 1403 2006 1442 30

257 1464 391 1518 libet
417 1464 779 1517 diuturnitate
805 1465 1065 1535 neglecta,
1087 1483 1359 1535 nunquam
1388 1484 1538 1536 posse
1558 1483 1829 1517 vanescere
1850 1464 1931 1516 vel
2052 1450 2054 1453 Ι

182 1566 235 1605 45
258 1551 579 1604 abstenuata
634 1552 875 1621 conquiri
895 1559 931 1605 ⁰.
1010 1553 1149 1604 Nam
1196 1551 1342 1622 quod
1386 1551 1455 1604 ad
1499 1552 1736 1604 omnium
1788 1550 1931 1604 cedit

259 1639 572 1704 utilitatem,
600 1639 709 1690 sine
737 1639 977 1690 omnium
1008 1637 1332 1691 detrimento
1360 1639 1575 1691 interire
1602 1658 1707 1690 non
1734 1643 1930 1709 potest,

261 1724 344 1776 vel
368 1725 528 1777 etiam
558 1725 830 1776 infirmari.
906 1726 985 1776 Et
1019 1724 1119 1776 hoc
1152 1726 1294 1777 Deus
1326 1731 1382 1777 et
1419 1732 1615 1778 natura
1651 1745 1757 1778 non
1795 1725 1930 1790 vult,
2052 1795 2054 1799 ,

259 1818 315 1864 et
336 1811 644 1863 mortalium
665 1812 879 1882 penitus
895 1811 1204 1864 abhorreret
1223 1811 1471 1864 adsensus
1487 1811 1524 1865 d.
1579 1811 1721 1876 Quid
1737 1819 1755 1842 θ
1780 1812 1932 1865 fatua
1953 1836 2005 1876 35

183 1913 236 1950 50
258 1898 356 1950 tali
384 1899 634 1970 opinione
661 1898 925 1962 submota,
948 1904 1224 1969 tamquam
1246 1898 1402 1951 alteri
1429 1898 1756 1970 Babylonii,⁸
1783 1900 1929 1969 pium

259 1984 556 2037 deserentes
601 1985 882 2055 imperium
929 2004 1067 2036 nova
1110 2004 1275 2055 regna
1322 1986 1564 2049 tentatiS,
1605 1991 1669 2037 ut
1712 1985 1819 2038 alia
1861 1987 1931 2039 sit

259 2073 304 2124 F
306 2071 576 2125 lorentina
600 2071 846 2136 civilitas,
874 2071 981 2124 alia
1008 2071 1078 2124 sit
1103 2074 1386 2124 Romana?
1449 2071 1558 2123 Cur
1577 2072 1900 2142 apostolicae
1915 2072 1934 2102 f

314 2225 332 2245 ²
362 2222 452 2262 MS.
472 2225 660 2261 obnoxias
750 2218 770 2244 b
801 2223 850 2262 Ο.
870 2225 1060 2261 altissime
1151 2225 1167 2245 ⁰
1197 2221 1287 2261 MS.
1311 2225 1491 2269 conqueri
1588 2218 1607 2244 ‘¹
1640 2222 1728 2262 MS.
1750 2235 1934 2262 ascensus

259 2291 276 2311 θ
306 2288 394 2327 MS.
417 2291 518 2336 quod
627 2283 642 2310 ¹
672 2287 759 2328 MS.
785 2291 1022 2335 apostolocice

320 2414 332 2439 ¹
361 2417 470 2453 Deut.
493 2414 635 2454 xxxii.
657 2414 723 2454 35.
1103 2410 1119 2436 ²
1145 2415 1234 2452 Rev.
1256 2413 1348 2452 xxi.
1371 2413 1419 2456 8;
1452 2413 1505 2452 cf.
1527 2415 1610 2461 Ins.
1635 2414 1664 2452 i.
1693 2413 1784 2452 117.

316 2477 332 2503 3
363 2478 429 2518 Cf.
463 2482 594 2526 Epist.
624 2480 652 2519 i.
685 2479 739 2517 29
758 2493 766 2518 :
785 2480 791 2487 ‘
813 2479 991 2529 ‘iugum
1023 2477 1121 2528 piae
1151 2477 1316 2528 legis'3
1357 2477 1447 2516 and
1482 2477 1529 2517 ll.
1564 2478 1728 2517 157-60
1761 2477 1810 2516 of
1839 2478 1935 2517 this

261 2544 409 2584 letter.

316 2608 333 2634 ⁴
363 2608 430 2648 Cf.
451 2612 555 2648 Mon.
577 2610 625 2648 ii.
654 2611 689 2660 1,
714 2610 760 2649 ll.
785 2609 909 2648 22-3.
1100 2607 1117 2633 ⁵
1146 2608 1212 2647 Cf.
1236 2611 1361 2654 Epist.
1382 2609 1460 2648 vii.
1486 2609 1577 2647 155.

315 2673 332 2697 ⁶
366 2675 386 2712 1
410 2676 515 2712 Peter
533 2675 581 2712 ii.
605 2674 669 2713 18.
1157 2671 1174 2697 ⁷
1204 2672 1283 2711 See
1304 2673 1409 2711 note
1431 2685 1488 2711 on
1508 2676 1634 2720 Epist.
1656 2685 1698 2723 V,
1721 2676 1780 2713 tit.
1802 2674 1843 2713 2.

316 2736 334 2762 ⁸
362 2738 432 2788 By
451 2741 663 2785 Babylonii
690 2739 799 2778 here
828 2738 975 2777 Dante
1000 2737 1236 2787 evidently
1262 2749 1419 2776 means
1446 2738 1526 2776 the
1551 2738 1752 2778 builders
1781 2738 1831 2776 of
1854 2738 1934 2777 the

262 2803 419 2842 Tower
437 2803 485 2841 of
501 2802 668 2853 Babel;
698 2804 752 2842 cf.
780 2806 871 2842 Gen.
897 2803 956 2842 xi.
980 2803 1034 2842 4:
1067 2802 1272 2852 ‘Venite
1296 2801 1513 2842 faciamus
1540 2804 1670 2842 nobis
1689 2803 1933 2854 civitatem,

263 2869 309 2906 et
331 2868 509 2907 turrim.
533 2897 544 2907 .
568 2897 579 2908 .
597 2866 622 2908 '.
