2054 3380
758 142 1133 194 EPISTOLA
1183 142 1243 193 X
1730 141 1830 192 181

166 281 388 335 docilem
428 282 618 336 reddat
654 282 844 354 aliquis
887 281 1187 335 auditorem
1207 264 1232 344 ς’
1274 289 1330 335 et
1369 283 1468 335 hoc
1507 282 1735 334 maxime
1779 282 1834 334 in

165 367 466 421 admirabili
517 389 707 439 genere
761 388 962 434 causae,
1014 375 1077 421 ut
1129 369 1354 439 ipsemet
1398 369 1610 422 Tullius
1661 369 1833 422 dicit.1
1894 406 1896 408 -

67 460 144 500 325
167 455 343 517 Quum
370 475 495 525 ergo
522 451 745 507 materia
774 456 911 507 circa
935 474 1094 525 quam
1125 462 1366 508 versatur
1391 475 1634 528 praesens
1651 464 1673 486 a
1698 461 1835 507 trac-

165 547 329 606 tatus,
380 543 450 594 sit
511 541 859 605 admirabilis,
911 547 967 593 et
987 540 1011 571 b
1066 548 1352 613 propterea
1401 542 1471 595 ad
1521 541 1838 594 admirabile
1861 555 1944 595 250

164 627 462 681 reducenda
511 629 618 681 ista
656 629 764 680 tria
804 627 1159 680 intenduntur
1210 629 1264 679 in
1315 629 1582 700 principio
1633 627 1836 680 exordii

166 714 273 766 sive
323 714 548 786 prologi.
626 716 764 767 Nam
816 714 950 767 dicit
1001 734 1054 766 se
1107 714 1374 767 dicturum
1427 734 1504 780 ea,
1556 734 1694 785 quae
1744 715 1838 784 qui

63 811 144 850 330
168 799 302 851 vidit
342 800 396 852 in
442 802 614 871 primo
664 799 809 852 coelo
850 801 1077 853 retinere
1120 801 1346 871 potuit.⁰
1423 803 1487 854 In
1538 820 1646 872 quo
1691 800 1836 852 dicto

165 887 345 938 omnia
394 886 486 938 illa
550 887 653 940 tria
699 886 1256 958 comprehenduntur,
1318 906 1440 939 nam
1494 888 1549 939 in
1593 886 1836 939 utilitate

165 972 505 1037 dicendorum
549 973 918 1026 benevolentia
966 980 1222 1045 paratur3
1278 974 1332 1025 in
1374 973 1835 1026 admirabilitated
1859 989 1940 1028 255

163 1060 430 1121 attentio;
469 1061 523 1111 in
560 1059 917 1131 possibilitate
954 1059 1216 1113 docilitas,
1293 1060 1605 1113 Utilitatem
1634 1061 1830 1124 innuit,

64 1156 142 1194 335
162 1164 325 1214 quum
375 1147 723 1199 recitaturum
774 1165 826 1198 se
875 1145 1009 1198 dicit
1062 1166 1124 1198 ea
1173 1165 1308 1216 quae
1358 1147 1586 1198 maxime
1608 1154 1627 1177 θ
1677 1145 1830 1198 allec-

163 1232 276 1284 tiva
327 1239 451 1285 sunt
499 1232 745 1285 desiderii
794 1233 1031 1297 humani,
1075 1232 1275 1285 scilicet
1325 1232 1526 1303 gaudia
1569 1231 1836 1286 Paradisi.

163 1317 658 1374 Admirabilitatem
701 1319 897 1389 tangit,
923 1338 1086 1389 quum
1128 1319 1405 1389 promittit
1431 1338 1483 1370 se
1508 1324 1621 1371 tam
1648 1318 1834 1382 ardua,

162 1409 275 1459 tam
302 1404 550 1457 sublimia
574 1404 761 1470 dicere,
789 1405 989 1458 scilicet
1023 1404 1356 1458 conditiones
1387 1405 1536 1475 regni
1578 1404 1832 1457 coelestis.
1858 1414 1940 1455 260

61 1500 140 1539 340
163 1489 577 1543 Possibilitatem
628 1491 879 1556 ostendit,
922 1510 1085 1562 quum
1136 1491 1269 1544 dicit
1319 1511 1372 1543 se
1422 1491 1690 1544 dicturum
1737 1511 1798 1544 ea
1817 1490 1836 1521 f

162 1594 296 1645 quae
347 1583 524 1630 mente
573 1578 798 1630 retinere
849 1578 1067 1649 potuit;
1130 1578 1173 1629 si
1224 1579 1363 1630 enim
1414 1578 1526 1649 ipse
1545 1587 1585 1642 8,
1637 1584 1691 1630 et
1740 1577 1835 1630 alii

161 1668 432 1733 poterunt.
511 1666 662 1716 Haec
707 1664 886 1716 omnia
928 1669 1228 1735 tanguntur
1272 1664 1327 1716 in
1375 1664 1548 1717 verbis
1593 1663 1698 1716 illis
1739 1663 1832 1716 ubi

59 1761 140 1800 345
162 1746 295 1801 dicit
333 1769 385 1802 se
423 1749 581 1802 fuisse
619 1751 673 1802 in
711 1751 887 1822 primo
925 1750 1088 1814 coelo,
1127 1756 1183 1803 et
1221 1749 1367 1821 quod
1404 1749 1575 1803 dicere
1613 1750 1731 1802 vult
1768 1749 1834 1802 de

162 1853 325 1905 regno
359 1836 572 1889 coelesti
598 1836 866 1908 quidquid
898 1838 953 1888 in
981 1843 1158 1889 mente
1183 1855 1294 1901 sua,
1325 1837 1478 1906 quasi
1503 1836 1832 1902 thesaurum,
1854 1846 1933 1886 265

216 1972 236 1992 ⁸
264 1969 347 2009 Me.
368 1973 525 2016 primus
634 1967 654 1993 ¹³
683 1969 820 2011 M.1O.
839 1971 951 2010 omit
966 1975 999 2009 et
1109 1974 1125 1993 ⁰
1156 1969 1236 2010 M.2
1256 1983 1302 2009 ea
1323 1984 1422 2019 quae
1440 1975 1508 2018 qui
1526 1974 1627 2011 vidit
1643 1974 1689 2010 in
1701 1975 1831 2018 primo

162 2027 252 2063 coelo
280 2029 443 2063 retinere
469 2037 547 2064 non
569 2028 723 2074 potuim
762 2025 906 2066 Me.V.
930 2038 976 2064 ea
1001 2037 1100 2073 quae
1128 2029 1196 2073 qui
1220 2028 1316 2064 vidit
1342 2029 1503 2065 retinere
1530 2039 1611 2065 non
1631 2030 1762 2074 potuit
1788 2030 1833 2066 in

155 2082 286 2124 primo
305 2082 424 2128 coelo;
452 2079 499 2120 Ο.
531 2093 590 2131 ea,
621 2093 718 2128 quae
745 2093 790 2119 ex
819 2083 872 2119 iis
899 2093 999 2128 quae
1026 2083 1125 2119 vidit
1157 2083 1202 2118 in
1232 2083 1363 2126 primo
1395 2084 1487 2119 coelo
1520 2084 1682 2121 retinere
1704 2085 1839 2128 potuit

162 2129 182 2155 ‘¹
211 2133 294 2172 Me.
319 2137 580 2174 admiratione
700 2138 716 2157 θ
745 2133 828 2175 M.2
847 2138 1029 2174 maxima
1141 2128 1156 2155 ¹
1185 2134 1328 2175 Me.V.
1350 2136 1464 2174 omit
1484 2148 1531 2174 ea
1643 2139 1662 2163 g
1691 2135 1831 2176 Me.V.

162 2191 271 2227 homo
292 2191 372 2235 ipse

217 2304 234 2329 1
262 2309 318 2344 De
344 2309 581 2359 Inventione,
612 2307 641 2347 i.
671 2307 735 2358 15,
770 2309 816 2355 ἐξ
840 2308 906 2358 20,
938 2307 1020 2346 21:
1053 2306 1330 2346 ‘Exordium
1359 2309 1426 2346 est
1454 2308 1595 2347 oratio
1625 2308 1831 2348 animum

162 2369 381 2409 auditoris
399 2370 559 2410 idonee
579 2383 842 2422 comparans
860 2371 917 2410 ad
943 2371 1167 2421 reliquam
1187 2370 1433 2411 dictionem
1450 2385 1460 2410 ι
1491 2372 1612 2422 quod
1635 2374 1827 2425 eveniet,

161 2435 201 2474 si
235 2447 340 2474 eum
375 2435 652 2488 benevolum,
690 2438 933 2487 attentum,
969 2436 1161 2476 docilem
1195 2436 1381 2484 fecerit3
1426 2449 1562 2486 quare
1600 2438 1679 2487 qui
1717 2439 1831 2478 bene

161 2501 357 2540 exordiri
376 2512 552 2540 causam
567 2501 702 2553 volet,
721 2513 824 2541 eum
846 2514 1024 2542 necesse
1045 2504 1111 2542 est
1127 2513 1270 2551 genus
1288 2513 1393 2541 suae
1415 2514 1571 2542 causae
1588 2502 1833 2554 diligenter

161 2566 268 2603 ante
308 2576 577 2613 cognoscere.
648 2566 822 2605 Genera
863 2578 1099 2606 causarum
1142 2567 1251 2605 sunt
1295 2567 1519 2616 quinque:
1569 2567 1828 2617 honestum,

161 2629 443 2681 admirabile,
485 2629 672 2682 humile,
711 2643 888 2682 anceps,
928 2633 1165 2671 obscurum
1198 2661 1209 2671 .
1250 2662 1261 2672 .
1295 2661 1305 2671 .
1340 2631 1610 2672 admirabile
1651 2633 1828 2686 [causae

162 2707 302 2745 genus
328 2694 431 2746 est],
451 2707 476 2733 a
502 2707 590 2744 quo
617 2695 840 2736 alienatus
870 2700 937 2736 est
964 2698 1142 2736 animus
1171 2708 1339 2746 eorum,
1361 2698 1441 2747 qui
1470 2699 1674 2737 audituri
1703 2701 1827 2740 sunt.

162 2791 173 2801 .
195 2789 206 2799 .
231 2788 242 2798 .
265 2761 320 2798 In
346 2759 605 2799 admirabili
631 2774 792 2811 genere
819 2774 990 2813 causae,
1013 2763 1051 2801 si
1078 2774 1172 2801 non
1203 2762 1387 2801 omnino
1416 2763 1572 2802 infesti
1597 2763 1826 2803 auditores

160 2827 306 2875 erunt,
330 2825 552 2875 principio
579 2826 940 2867 benevolentiam
966 2839 1221 2878 comparare
1247 2827 1404 2867 licebit
1426 2857 1436 2868 .
1459 2857 1470 2868 .
1496 2857 1506 2867 .
1525 2829 1552 2869 ’.
1614 2829 1678 2868 Of.
1705 2829 1827 2869 what

162 2890 310 2930 Dante
329 2901 430 2940 says
449 2903 507 2929 on
527 2890 621 2931 this
639 2903 762 2931 same
780 2892 952 2943 subject
970 2894 1020 2932 in
1041 2893 1120 2932 the
1141 2894 1327 2944 Convivia,
1350 2893 1398 2934 ii.
1421 2894 1462 2944 7,
1481 2893 1529 2934 ll.
1551 2894 1700 2933 53-67.
