<?xml version="1.0" encoding="UTF-8"?>
<!DOCTYPE html PUBLIC "-//W3C//DTD XHTML 1.0 Transitional//EN"
    "http://www.w3.org/TR/xhtml1/DTD/xhtml1-transitional.dtd">
<html xmlns="http://www.w3.org/1999/xhtml" xml:lang="en" lang="en">
 <head>
  <title>
</title>
<meta http-equiv="Content-Type" content="text/html;charset=utf-8" />
  <meta name='ocr-system' content='tesseract 3.04.00' />
  <meta name='ocr-capabilities' content='ocr_page ocr_carea ocr_par ocr_line ocrx_word'/>
</head>
<body>
  <div class='ocr_page' id='page_1' title='image "./epistolaeletters00dantuoft_0076.png"; bbox 0 0 2054 3380; ppageno 0'>
   <div class='ocr_carea' id='block_1_1' title="bbox 271 138 1502 196">
    <p class='ocr_par' dir='ltr' id='par_1_1' title="bbox 271 138 1502 196">
     <span class='ocr_line' id='line_1_1' title="bbox 271 138 1502 196; baseline 0.005 -7"><span class='ocrx_word' id='word_1_1' title='bbox 271 138 340 190; x_wconf 76' lang='lat'>14</span> <span class='ocrx_word' id='word_1_2' title='bbox 696 141 1040 195; x_wconf 87' lang='lat' dir='ltr'>LETTERS</span> <span class='ocrx_word' id='word_1_3' title='bbox 1092 143 1187 195; x_wconf 91' lang='lat' dir='ltr'>OF</span> <span class='ocrx_word' id='word_1_4' title='bbox 1236 143 1502 196; x_wconf 89' lang='lat' dir='ltr'>DANTE</span> 
     </span>
    </p>
   </div>
   <div class='ocr_carea' id='block_1_2' title="bbox 271 277 1933 444">
    <p class='ocr_par' dir='ltr' id='par_1_2' title="bbox 271 277 1933 444">
     <span class='ocr_line' id='line_1_2' title="bbox 271 277 1933 356; baseline 0.003 -23"><span class='ocrx_word' id='word_1_5' title='bbox 271 277 456 353; x_wconf 76' lang='lat' dir='ltr'>[Hanc</span> <span class='ocrx_word' id='word_1_6' title='bbox 498 285 764 354; x_wconf 70' lang='lat' dir='ltr'>epistolam</span> <span class='ocrx_word' id='word_1_7' title='bbox 805 286 1010 356; x_wconf 70' lang='lat' dir='ltr'>scripsit</span> <span class='ocrx_word' id='word_1_8' title='bbox 1055 287 1257 338; x_wconf 74' lang='lat' dir='ltr'>Dantes</span> <span class='ocrx_word' id='word_1_9' title='bbox 1300 285 1579 356; x_wconf 73' lang='lat' dir='ltr'>Alagherz’i</span> <span class='ocrx_word' id='word_1_10' title='bbox 1592 294 1615 317; x_wconf 72' lang='lat'>¹²</span> <span class='ocrx_word' id='word_1_11' title='bbox 1658 287 1841 338; x_wconf 77' lang='lat' dir='ltr'>Oberto</span> <span class='ocrx_word' id='word_1_12' title='bbox 1885 293 1933 338; x_wconf 79' lang='lat' dir='ltr'>et</span> 
     </span>
     <span class='ocr_line' id='line_1_3' title="bbox 343 370 1933 444; baseline 0.003 -24"><span class='ocrx_word' id='word_1_13' title='bbox 343 370 588 434; x_wconf 58' lang='lat' dir='ltr'>Gummi,</span> <span class='ocrx_word' id='word_1_14' title='bbox 624 373 906 424; x_wconf 60' lang='lat' dir='ltr'>Comitibus‘</span> <span class='ocrx_word' id='word_1_15' title='bbox 930 374 991 425; x_wconf 82' lang='lat' dir='ltr'>de</span> <span class='ocrx_word' id='word_1_16' title='bbox 1015 374 1248 426; x_wconf 76' lang='lat' dir='ltr'>Romena</span> <span class='ocrx_word' id='word_1_17' title='bbox 1269 373 1304 438; x_wconf 84' lang='lat'>¹,</span> <span class='ocrx_word' id='word_1_18' title='bbox 1322 380 1446 444; x_wconf 69' lang='lat' dir='ltr'>post</span> <span class='ocrx_word' id='word_1_19' title='bbox 1470 379 1681 425; x_wconf 73' lang='lat' dir='ltr'>mortem</span> <span class='ocrx_word' id='word_1_20' title='bbox 1702 373 1933 425; x_wconf 70' lang='lat' dir='ltr'>Aleman-</span> 
     </span>
    </p>
   </div>
   <div class='ocr_carea' id='block_1_3' title="bbox 341 457 1935 618">
    <p class='ocr_par' dir='ltr' id='par_1_3' title="bbox 341 457 1935 618">
     <span class='ocr_line' id='line_1_4' title="bbox 341 457 1935 531; baseline 0.004 -25"><span class='ocrx_word' id='word_1_21' title='bbox 341 457 440 519; x_wconf 64' lang='grc' dir='ltr'><em>ἀντ’,</em></span> <span class='ocrx_word' id='word_1_22' title='bbox 484 458 698 510; x_wconf 72' lang='lat' dir='ltr'>Comitis</span> <span class='ocrx_word' id='word_1_23' title='bbox 748 460 808 510; x_wconf 82' lang='lat' dir='ltr'>de</span> <span class='ocrx_word' id='word_1_24' title='bbox 857 461 1090 513; x_wconf 79' lang='lat' dir='ltr'>Romena</span> <span class='ocrx_word' id='word_1_25' title='bbox 1106 460 1143 522; x_wconf 80' lang='lat'>2,</span> <span class='ocrx_word' id='word_1_26' title='bbox 1183 462 1375 531; x_wconf 75' lang='lat' dir='ltr'>patrui</span> <span class='ocrx_word' id='word_1_27' title='bbox 1423 479 1613 522; x_wconf 77' lang='lat' dir='ltr'>eorum,</span> <span class='ocrx_word' id='word_1_28' title='bbox 1664 460 1935 512; x_wconf 75' lang='lat' dir='ltr'>condolens</span> 
     </span>
     <span class='ocr_line' id='line_1_5' title="bbox 341 541 1473 618; baseline 0.01 -24"><span class='ocrx_word' id='word_1_29' title='bbox 341 541 483 596; x_wconf 71' lang='lat' dir='ltr'>z&#39;llz’sb</span> <span class='ocrx_word' id='word_1_30' title='bbox 507 546 569 596; x_wconf 82' lang='lat' dir='ltr'>de</span> <span class='ocrx_word' id='word_1_31' title='bbox 593 546 730 596; x_wconf 72' lang='lat' dir='ltr'>obitu</span> <span class='ocrx_word' id='word_1_32' title='bbox 757 544 890 618; x_wconf 68' lang='lat' dir='ltr'>Sua]</span> <span class='ocrx_word' id='word_1_33' title='bbox 1470 554 1473 557; x_wconf 66' lang='grc'><strong>’</strong></span> 
     </span>
    </p>
   </div>
   <div class='ocr_carea' id='block_1_4' title="bbox 199 664 2014 1779">
    <p class='ocr_par' dir='ltr' id='par_1_4' title="bbox 268 664 1937 912">
     <span class='ocr_line' id='line_1_6' title="bbox 342 664 1935 735; baseline -0.001 -18"><span class='ocrx_word' id='word_1_34' title='bbox 342 665 443 734; x_wconf 68' lang='lat' dir='ltr'>§L</span> <span class='ocrx_word' id='word_1_35' title='bbox 485 667 714 719; x_wconf 88' lang='lat' dir='ltr'>Patruus</span> <span class='ocrx_word' id='word_1_36' title='bbox 759 675 928 720; x_wconf 87' lang='lat' dir='ltr'>vester</span> <span class='ocrx_word' id='word_1_37' title='bbox 971 669 1294 732; x_wconf 80' lang='lat' dir='ltr'><strong>Alexander,</strong></span> <span class='ocrx_word' id='word_1_38' title='bbox 1338 687 1508 721; x_wconf 85' lang='lat' dir='ltr'>comes</span> <span class='ocrx_word' id='word_1_39' title='bbox 1559 666 1795 730; x_wconf 88' lang='lat' dir='ltr'>illustris,</span> <span class='ocrx_word' id='word_1_40' title='bbox 1841 664 1935 735; x_wconf 92' lang='lat' dir='ltr'>qui</span> 
     </span>
     <span class='ocr_line' id='line_1_7' title="bbox 268 749 1936 823; baseline 0 -21"><span class='ocrx_word' id='word_1_41' title='bbox 268 749 453 804; x_wconf 91' lang='lat' dir='ltr'>diebus</span> <span class='ocrx_word' id='word_1_42' title='bbox 516 754 772 823; x_wconf 86' lang='lat' dir='ltr'>proximis</span> <span class='ocrx_word' id='word_1_43' title='bbox 834 755 1110 808; x_wconf 90' lang='lat' dir='ltr'>coelestem</span> <span class='ocrx_word' id='word_1_44' title='bbox 1172 755 1313 807; x_wconf 92' lang='lat' dir='ltr'>unde</span> <span class='ocrx_word' id='word_1_45' title='bbox 1376 759 1590 806; x_wconf 87' lang='lat' dir='ltr'>venerat</span> <span class='ocrx_word' id='word_1_46' title='bbox 1651 751 1936 804; x_wconf 89' lang='lat' dir='ltr'>secundum</span> 
     </span>
     <span class='ocr_line' id='line_1_8' title="bbox 269 838 1937 912; baseline 0.001 -24"><span class='ocrx_word' id='word_1_47' title='bbox 269 838 553 908; x_wconf 88' lang='lat' dir='ltr'>spiritum3</span> <span class='ocrx_word' id='word_1_48' title='bbox 591 841 845 893; x_wconf 88' lang='lat' dir='ltr'>remeavit</span> <span class='ocrx_word' id='word_1_49' title='bbox 879 840 947 892; x_wconf 89' lang='lat' dir='ltr'>ad</span> <span class='ocrx_word' id='word_1_50' title='bbox 984 840 1232 912; x_wconf 83' lang='lat' dir='ltr'>patriam,</span> <span class='ocrx_word' id='word_1_51' title='bbox 1265 840 1509 893; x_wconf 84' lang='lat' dir='ltr'>dominus</span> <span class='ocrx_word' id='word_1_52' title='bbox 1546 859 1690 891; x_wconf 93' lang='lat' dir='ltr'>meus</span> <span class='ocrx_word' id='word_1_53' title='bbox 1724 844 1855 901; x_wconf 85' lang='lat' dir='ltr'>erat,</span> <span class='ocrx_word' id='word_1_54' title='bbox 1883 844 1937 890; x_wconf 92' lang='lat' dir='ltr'>et</span> 
     </span>
    </p>

    <p class='ocr_par' dir='ltr' id='par_1_5' title="bbox 222 924 1987 1169">
     <span class='ocr_line' id='line_1_9' title="bbox 222 924 1938 998; baseline -0.001 -20"><span class='ocrx_word' id='word_1_55' title='bbox 222 941 246 978; x_wconf 90' lang='lat'><em>5</em></span> <span class='ocrx_word' id='word_1_56' title='bbox 271 926 523 977; x_wconf 90' lang='lat' dir='ltr'>memoria</span> <span class='ocrx_word' id='word_1_57' title='bbox 541 926 651 978; x_wconf 91' lang='lat' dir='ltr'>eius</span> <span class='ocrx_word' id='word_1_58' title='bbox 667 945 831 996; x_wconf 86' lang='lat' dir='ltr'>usque</span> <span class='ocrx_word' id='word_1_59' title='bbox 851 947 956 997; x_wconf 91' lang='lat' dir='ltr'>quo</span> <span class='ocrx_word' id='word_1_60' title='bbox 975 927 1072 979; x_wconf 91' lang='lat' dir='ltr'>sub</span> <span class='ocrx_word' id='word_1_61' title='bbox 1091 933 1328 998; x_wconf 87' lang='lat' dir='ltr'>tempore</span> <span class='ocrx_word' id='word_1_62' title='bbox 1349 927 1524 978; x_wconf 90' lang='lat' dir='ltr'>vivam</span> <span class='ocrx_word' id='word_1_63' title='bbox 1544 924 1938 978; x_wconf 77' lang='lat' dir='ltr'>dominabitur0</span> 
     </span>
     <span class='ocr_line' id='line_1_10' title="bbox 273 1011 1987 1085; baseline -0.001 -23"><span class='ocrx_word' id='word_1_64' title='bbox 273 1011 435 1074; x_wconf 87' lang='lat' dir='ltr'>mihi;</span> <span class='ocrx_word' id='word_1_65' title='bbox 475 1011 689 1082; x_wconf 90' lang='lat' dir='ltr'>quando</span> <span class='ocrx_word' id='word_1_66' title='bbox 717 1014 1112 1083; x_wconf 85' lang='lat' dir='ltr'>magnificentia</span> <span class='ocrx_word' id='word_1_67' title='bbox 1137 1033 1246 1077; x_wconf 86' lang='lat' dir='ltr'>sua,</span> <span class='ocrx_word' id='word_1_68' title='bbox 1272 1033 1407 1085; x_wconf 89' lang='lat' dir='ltr'>quae</span> <span class='ocrx_word' id='word_1_69' title='bbox 1439 1032 1597 1084; x_wconf 90' lang='lat' dir='ltr'>super</span> <span class='ocrx_word' id='word_1_70' title='bbox 1630 1017 1774 1064; x_wconf 89' lang='lat' dir='ltr'>astra</span> <span class='ocrx_word' id='word_1_71' title='bbox 1799 1030 1939 1063; x_wconf 91' lang='lat' dir='ltr'>nunc</span> <span class='ocrx_word' id='word_1_72' title='bbox 1963 1022 1987 1060; x_wconf 88' lang='lat'><em>5</em></span> 
     </span>
     <span class='ocr_line' id='line_1_11' title="bbox 271 1097 1937 1169; baseline 0.001 -21"><span class='ocrx_word' id='word_1_73' title='bbox 271 1097 546 1150; x_wconf 88' lang='lat' dir='ltr'>affluenter</span> <span class='ocrx_word' id='word_1_74' title='bbox 576 1097 753 1168; x_wconf 84' lang='lat' dir='ltr'>dignis</span> <span class='ocrx_word' id='word_1_75' title='bbox 785 1100 1033 1169; x_wconf 90' lang='lat' dir='ltr'>praemiis</span> <span class='ocrx_word' id='word_1_76' title='bbox 1065 1097 1465 1164; x_wconf 72' lang='lat' dir='ltr'>muneraturd4‚</span> <span class='ocrx_word' id='word_1_77' title='bbox 1494 1119 1576 1151; x_wconf 93' lang='lat' dir='ltr'>me</span> <span class='ocrx_word' id='word_1_78' title='bbox 1610 1098 1710 1151; x_wconf 85' lang='lat' dir='ltr'>sibi</span> <span class='ocrx_word' id='word_1_79' title='bbox 1745 1097 1815 1150; x_wconf 93' lang='lat' dir='ltr'>ab</span> <span class='ocrx_word' id='word_1_80' title='bbox 1844 1117 1937 1149; x_wconf 89' lang='lat' dir='ltr'>an-</span> 
     </span>
    </p>

    <p class='ocr_par' dir='ltr' id='par_1_6' title="bbox 199 1185 2014 1519">
     <span class='ocr_line' id='line_1_12' title="bbox 199 1185 1940 1257; baseline 0 -21"><span class='ocrx_word' id='word_1_81' title='bbox 199 1206 250 1244; x_wconf 92' lang='lat'>10</span> <span class='ocrx_word' id='word_1_82' title='bbox 270 1186 411 1237; x_wconf 89' lang='lat' dir='ltr'>nosis</span> <span class='ocrx_word' id='word_1_83' title='bbox 430 1185 760 1256; x_wconf 76' lang='lat' dir='ltr'>temporibus</span> <span class='ocrx_word' id='word_1_84' title='bbox 780 1193 969 1257; x_wconf 88' lang='lat' dir='ltr'>sponte</span> <span class='ocrx_word' id='word_1_85' title='bbox 989 1207 1081 1238; x_wconf 91' lang='lat' dir='ltr'>sua</span> <span class='ocrx_word' id='word_1_86' title='bbox 1097 1187 1224 1239; x_wconf 87' lang='lat' dir='ltr'>fecit</span> <span class='ocrx_word' id='word_1_87' title='bbox 1244 1207 1352 1240; x_wconf 87' lang='lat' dir='ltr'>esse</span> <span class='ocrx_word' id='word_1_88' title='bbox 1372 1187 1668 1240; x_wconf 87' lang='lat' dir='ltr'>subiectum</span> <span class='ocrx_word' id='word_1_89' title='bbox 1686 1192 1721 1237; x_wconf 64' lang='grc' dir='ltr'>θ.</span> <span class='ocrx_word' id='word_1_90' title='bbox 1790 1186 1940 1237; x_wconf 90' lang='lat' dir='ltr'>Haec</span> 
     </span>
     <span class='ocr_line' id='line_1_13' title="bbox 271 1272 1939 1342; baseline 0.001 -19"><span class='ocrx_word' id='word_1_91' title='bbox 271 1272 512 1342; x_wconf 83' lang='lat' dir='ltr'>equidem</span> <span class='ocrx_word' id='word_1_92' title='bbox 550 1274 753 1326; x_wconf 89' lang='lat' dir='ltr'>cunctis</span> <span class='ocrx_word' id='word_1_93' title='bbox 784 1274 900 1326; x_wconf 91' lang='lat' dir='ltr'>aliis</span> <span class='ocrx_word' id='word_1_94' title='bbox 933 1274 1223 1327; x_wconf 91' lang='lat' dir='ltr'>virtutibus</span> <span class='ocrx_word' id='word_1_95' title='bbox 1261 1275 1520 1327; x_wconf 84' lang='lat' dir='ltr'>comitata</span> <span class='ocrx_word' id='word_1_96' title='bbox 1551 1274 1606 1325; x_wconf 92' lang='lat' dir='ltr'>in</span> <span class='ocrx_word' id='word_1_97' title='bbox 1637 1273 1747 1336; x_wconf 86' lang='lat' dir='ltr'>illo,</span> <span class='ocrx_word' id='word_1_98' title='bbox 1787 1292 1939 1325; x_wconf 89' lang='lat' dir='ltr'>suum</span> 
     </span>
     <span class='ocr_line' id='line_1_14' title="bbox 272 1359 1941 1430; baseline 0.001 -21"><span class='ocrx_word' id='word_1_99' title='bbox 272 1377 462 1410; x_wconf 89' lang='lat' dir='ltr'>nomen</span> <span class='ocrx_word' id='word_1_100' title='bbox 502 1378 629 1430; x_wconf 88' lang='lat' dir='ltr'>prae</span> <span class='ocrx_word' id='word_1_101' title='bbox 658 1360 835 1412; x_wconf 89' lang='lat' dir='ltr'>titulis</span> <span class='ocrx_word' id='word_1_102' title='bbox 852 1360 872 1390; x_wconf 82' lang='lat'><em>5</em></span> <span class='ocrx_word' id='word_1_103' title='bbox 899 1361 1159 1414; x_wconf 88' lang='lat' dir='ltr'>Italorum</span> <span class='ocrx_word' id='word_1_104' title='bbox 1196 1380 1406 1414; x_wconf 90' lang='lat' dir='ltr'>aereum</span> <span class='ocrx_word' id='word_1_105' title='bbox 1423 1359 1440 1389; x_wconf 81' lang='lat' dir='ltr'><strong>f</strong></span> <span class='ocrx_word' id='word_1_106' title='bbox 1466 1359 1786 1412; x_wconf 70' lang='lat' dir='ltr'>illustrabat.</span> <span class='ocrx_word' id='word_1_107' title='bbox 1864 1361 1941 1412; x_wconf 88' lang='lat' dir='ltr'>Et</span> 
     </span>
     <span class='ocr_line' id='line_1_15' title="bbox 271 1445 2014 1519; baseline 0 -22"><span class='ocrx_word' id='word_1_108' title='bbox 271 1445 402 1516; x_wconf 90' lang='lat' dir='ltr'>quid</span> <span class='ocrx_word' id='word_1_109' title='bbox 433 1446 580 1498; x_wconf 92' lang='lat' dir='ltr'>aliud</span> <span class='ocrx_word' id='word_1_110' title='bbox 612 1447 823 1499; x_wconf 86' lang='lat' dir='ltr'>heroica</span> <span class='ocrx_word' id='word_1_111' title='bbox 848 1468 942 1500; x_wconf 93' lang='lat' dir='ltr'>sua</span> <span class='ocrx_word' id='word_1_112' title='bbox 980 1449 1167 1519; x_wconf 72' lang='lat' dir='ltr'>signass</span> <span class='ocrx_word' id='word_1_113' title='bbox 1194 1447 1460 1511; x_wconf 84' lang='lat' dir='ltr'>dicebant,</span> <span class='ocrx_word' id='word_1_114' title='bbox 1488 1448 1588 1498; x_wconf 84' lang='lat' dir='ltr'>nisi</span> <span class='ocrx_word' id='word_1_115' title='bbox 1616 1452 1630 1476; x_wconf 90' lang='lat'>‘</span> <span class='ocrx_word' id='word_1_116' title='bbox 1651 1447 1901 1499; x_wconf 90' lang='lat' dir='ltr'>scuticam</span> <span class='ocrx_word' id='word_1_117' title='bbox 1918 1455 1943 1488; x_wconf 72' lang='grc'><strong>8</strong></span> <span class='ocrx_word' id='word_1_118' title='bbox 1964 1459 2014 1496; x_wconf 92' lang='grc'>10</span> 
     </span>
    </p>

    <p class='ocr_par' dir='ltr' id='par_1_7' title="bbox 201 1533 1941 1779">
     <span class='ocr_line' id='line_1_16' title="bbox 201 1533 1938 1604; baseline -0.001 -18"><span class='ocrx_word' id='word_1_119' title='bbox 201 1547 249 1587; x_wconf 85' lang='grc'>15</span> <span class='ocrx_word' id='word_1_120' title='bbox 273 1533 524 1585; x_wconf 90' lang='lat' dir='ltr'>vitiorum</span> <span class='ocrx_word' id='word_1_121' title='bbox 566 1534 881 1604; x_wconf 84' lang='lat' dir='ltr'>fugatricem</span> <span class='ocrx_word' id='word_1_122' title='bbox 923 1535 1318 1587; x_wconf 82' lang='lat' dir='ltr'>ostendimus&#39;?</span> <span class='ocrx_word' id='word_1_123' title='bbox 1406 1536 1709 1604; x_wconf 84' lang='lat' dir='ltr'>Argenteas</span> <span class='ocrx_word' id='word_1_124' title='bbox 1743 1534 1938 1585; x_wconf 86' lang='lat' dir='ltr'>etenim</span> 
     </span>
     <span class='ocr_line' id='line_1_17' title="bbox 272 1620 1941 1692; baseline 0 -21"><span class='ocrx_word' id='word_1_125' title='bbox 272 1621 493 1672; x_wconf 88' lang='lat' dir='ltr'>scuticas</span> <span class='ocrx_word' id='word_1_126' title='bbox 513 1621 536 1651; x_wconf 77' lang='lat'>¹¹</span> <span class='ocrx_word' id='word_1_127' title='bbox 564 1621 617 1672; x_wconf 92' lang='lat' dir='ltr'>in</span> <span class='ocrx_word' id='word_1_128' title='bbox 654 1641 919 1692; x_wconf 90' lang='lat' dir='ltr'>purpureo</span> <span class='ocrx_word' id='word_1_129' title='bbox 954 1621 1255 1674; x_wconf 71' lang='lat' dir='ltr'>deferebati</span> <span class='ocrx_word' id='word_1_130' title='bbox 1285 1622 1623 1686; x_wconf 84' lang='lat' dir='ltr'>extrinsecus,</span> <span class='ocrx_word' id='word_1_131' title='bbox 1659 1626 1715 1673; x_wconf 91' lang='lat' dir='ltr'>et</span> <span class='ocrx_word' id='word_1_132' title='bbox 1749 1620 1941 1672; x_wconf 88' lang='lat' dir='ltr'>intrin-</span> 
     </span>
     <span class='ocr_line' id='line_1_18' title="bbox 273 1706 1941 1779; baseline 0.004 -23"><span class='ocrx_word' id='word_1_133' title='bbox 273 1724 416 1757; x_wconf 89' lang='lat' dir='ltr'>secus</span> <span class='ocrx_word' id='word_1_134' title='bbox 467 1713 698 1759; x_wconf 89' lang='lat' dir='ltr'>mentem</span> <span class='ocrx_word' id='word_1_135' title='bbox 749 1708 804 1760; x_wconf 91' lang='lat' dir='ltr'>in</span> <span class='ocrx_word' id='word_1_136' title='bbox 854 1706 1061 1760; x_wconf 85' lang='lat' dir='ltr'>amorej</span> <span class='ocrx_word' id='word_1_137' title='bbox 1103 1708 1365 1760; x_wconf 85' lang='lat' dir='ltr'>virtutum</span> <span class='ocrx_word' id='word_1_138' title='bbox 1411 1708 1545 1760; x_wconf 84' lang='lat' dir='ltr'>vitia</span> <span class='ocrx_word' id='word_1_139' title='bbox 1583 1706 1941 1779; x_wconf 88' lang='lat' dir='ltr'>repellentem.</span> 
     </span>
    </p>
   </div>
   <div class='ocr_carea' id='block_1_5' title="bbox 450 1829 1771 1877">
    <p class='ocr_par' dir='ltr' id='par_1_8' title="bbox 450 1829 1771 1877">
     <span class='ocr_line' id='line_1_19' title="bbox 450 1829 1771 1877; baseline 0 -8"><span class='ocrx_word' id='word_1_140' title='bbox 450 1829 539 1869; x_wconf 88' lang='lat' dir='ltr'><strong>MS.</strong></span> <span class='ocrx_word' id='word_1_141' title='bbox 567 1847 601 1860; x_wconf 95' lang='lat'>=</span> <span class='ocrx_word' id='word_1_142' title='bbox 625 1831 711 1871; x_wconf 80' lang='lat' dir='ltr'>Cod.</span> <span class='ocrx_word' id='word_1_143' title='bbox 741 1833 977 1871; x_wconf 77' lang='lat' dir='ltr'>Vat.-Palat.</span> <span class='ocrx_word' id='word_1_144' title='bbox 999 1833 1084 1870; x_wconf 78' lang='lat' dir='ltr'>Lat.</span> <span class='ocrx_word' id='word_1_145' title='bbox 1108 1830 1216 1869; x_wconf 84' lang='lat'>1729</span> <span class='ocrx_word' id='word_1_146' title='bbox 1355 1830 1404 1869; x_wconf 90' lang='lat' dir='ltr'>O.</span> <span class='ocrx_word' id='word_1_147' title='bbox 1424 1847 1459 1861; x_wconf 91' lang='lat'><em>=</em></span> <span class='ocrx_word' id='word_1_148' title='bbox 1484 1832 1627 1877; x_wconf 74' lang='lat' dir='ltr'>Oxforcl</span> <span class='ocrx_word' id='word_1_149' title='bbox 1645 1833 1771 1869; x_wconf 73' lang='lat' dir='ltr'>Dante</span> 
     </span>
    </p>
   </div>
   <div class='ocr_carea' id='block_1_6' title="bbox 273 1929 1946 2112">
    <p class='ocr_par' dir='ltr' id='par_1_9' title="bbox 273 1929 1946 2112">
     <span class='ocr_line' id='line_1_20' title="bbox 327 1929 1946 1980; baseline 0 -9"><span class='ocrx_word' id='word_1_150' title='bbox 327 1934 347 1954; x_wconf 54' lang='grc' dir='ltr'>θ’</span> <span class='ocrx_word' id='word_1_151' title='bbox 375 1931 464 1971; x_wconf 98' lang='lat' dir='ltr'><strong>MS.</strong></span> <span class='ocrx_word' id='word_1_152' title='bbox 490 1934 696 1980; x_wconf 72' lang='lat' dir='ltr'>allayerij3</span> <span class='ocrx_word' id='word_1_153' title='bbox 726 1931 779 1970; x_wconf 90' lang='lat'>0.</span> <span class='ocrx_word' id='word_1_154' title='bbox 797 1934 1036 1980; x_wconf 70' lang='lat' dir='ltr'>Aziyherius.</span> <span class='ocrx_word' id='word_1_155' title='bbox 1142 1929 1163 1954; x_wconf 77' lang='lat'>¹³</span> <span class='ocrx_word' id='word_1_156' title='bbox 1192 1931 1282 1971; x_wconf 94' lang='lat' dir='ltr'><strong>MS.</strong></span> <span class='ocrx_word' id='word_1_157' title='bbox 1305 1935 1413 1971; x_wconf 76' lang='lat' dir='ltr'>illius</span> <span class='ocrx_word' id='word_1_158' title='bbox 1513 1935 1531 1955; x_wconf 80' lang='lat'><strong>⁰</strong></span> <span class='ocrx_word' id='word_1_159' title='bbox 1562 1931 1651 1971; x_wconf 88' lang='lat' dir='ltr'>MS.</span> <span class='ocrx_word' id='word_1_160' title='bbox 1669 1935 1946 1971; x_wconf 77' lang='lat' dir='ltr'>dominabatur</span> 
     </span>
     <span class='ocr_line' id='line_1_21' title="bbox 273 1992 1945 2037; baseline 0 -1"><span class='ocrx_word' id='word_1_161' title='bbox 273 1994 293 2021; x_wconf 65' lang='grc' dir='ltr'><strong>ἅ</strong></span> <span class='ocrx_word' id='word_1_162' title='bbox 323 1997 412 2037; x_wconf 90' lang='lat' dir='ltr'><strong>MS.</strong></span> <span class='ocrx_word' id='word_1_163' title='bbox 436 2009 496 2036; x_wconf 82' lang='lat' dir='ltr'>me</span> <span class='ocrx_word' id='word_1_164' title='bbox 515 2002 671 2036; x_wconf 65' lang='lat' dir='ltr'>metatur</span> <span class='ocrx_word' id='word_1_165' title='bbox 777 1999 795 2020; x_wconf 67' lang='grc' dir='ltr'>θ</span> <span class='ocrx_word' id='word_1_166' title='bbox 824 1998 873 2037; x_wconf 92' lang='lat'>0.</span> <span class='ocrx_word' id='word_1_167' title='bbox 895 2000 1095 2036; x_wconf 75' lang='lat' dir='ltr'>subditum</span> <span class='ocrx_word' id='word_1_168' title='bbox 1216 1992 1231 2018; x_wconf 78' lang='lat' dir='ltr'><strong>f</strong></span> <span class='ocrx_word' id='word_1_169' title='bbox 1247 1997 1299 2036; x_wconf 91' lang='grc' dir='ltr'>Ο.</span> <span class='ocrx_word' id='word_1_170' title='bbox 1318 2001 1475 2036; x_wconf 66' lang='lat' dir='ltr'>heroum</span> <span class='ocrx_word' id='word_1_171' title='bbox 1601 2001 1618 2025; x_wconf 68' lang='lat' dir='ltr'><strong>g</strong></span> <span class='ocrx_word' id='word_1_172' title='bbox 1647 1998 1736 2037; x_wconf 89' lang='lat' dir='ltr'><strong>MS.</strong></span> <span class='ocrx_word' id='word_1_173' title='bbox 1759 2000 1945 2037; x_wconf 73' lang='lat' dir='ltr'>sonticam</span> 
     </span>
     <span class='ocr_line' id='line_1_22' title="bbox 274 2058 1536 2112; baseline -0.001 -10"><span class='ocrx_word' id='word_1_174' title='bbox 274 2061 295 2085; x_wconf 59' lang='lat'>³¹</span> <span class='ocrx_word' id='word_1_175' title='bbox 325 2062 414 2103; x_wconf 82' lang='lat' dir='ltr'><strong>MS.</strong></span> <span class='ocrx_word' id='word_1_176' title='bbox 435 2067 600 2101; x_wconf 75' lang='lat' dir='ltr'>sentioas</span> <span class='ocrx_word' id='word_1_177' title='bbox 710 2060 718 2083; x_wconf 76' lang='lat'>¹</span> <span class='ocrx_word' id='word_1_178' title='bbox 749 2062 839 2103; x_wconf 87' lang='lat' dir='ltr'>MS.</span> <span class='ocrx_word' id='word_1_179' title='bbox 863 2065 1071 2112; x_wconf 57' lang='lat' dir='ltr'>deferrebat</span> <span class='ocrx_word' id='word_1_180' title='bbox 1179 2058 1191 2089; x_wconf 72' lang='lat' dir='ltr'><strong>j</strong></span> <span class='ocrx_word' id='word_1_181' title='bbox 1223 2062 1313 2102; x_wconf 90' lang='lat' dir='ltr'><strong>MS.</strong></span> <span class='ocrx_word' id='word_1_182' title='bbox 1334 2066 1419 2102; x_wconf 81' lang='lat' dir='ltr'>iam</span> <span class='ocrx_word' id='word_1_183' title='bbox 1436 2076 1536 2101; x_wconf 80' lang='lat' dir='ltr'>more</span> 
     </span>
    </p>
   </div>
   <div class='ocr_carea' id='block_1_7' title="bbox 276 2169 1946 2932">
    <p class='ocr_par' dir='ltr' id='par_1_10' title="bbox 276 2169 1946 2417">
     <span class='ocr_line' id='line_1_23' title="bbox 329 2169 1944 2222; baseline 0 -10"><span class='ocrx_word' id='word_1_184' title='bbox 329 2169 347 2195; x_wconf 77' lang='lat'>1</span> <span class='ocrx_word' id='word_1_185' title='bbox 376 2173 539 2212; x_wconf 83' lang='lat' dir='ltr'>Oberto</span> <span class='ocrx_word' id='word_1_186' title='bbox 568 2172 658 2211; x_wconf 87' lang='lat' dir='ltr'>and</span> <span class='ocrx_word' id='word_1_187' title='bbox 689 2171 836 2211; x_wconf 81' lang='lat' dir='ltr'>Guido</span> <span class='ocrx_word' id='word_1_188' title='bbox 864 2184 982 2211; x_wconf 87' lang='lat' dir='ltr'>were</span> <span class='ocrx_word' id='word_1_189' title='bbox 1011 2171 1092 2210; x_wconf 86' lang='lat' dir='ltr'>the</span> <span class='ocrx_word' id='word_1_190' title='bbox 1122 2172 1211 2210; x_wconf 86' lang='lat' dir='ltr'>two</span> <span class='ocrx_word' id='word_1_191' title='bbox 1240 2170 1383 2210; x_wconf 78' lang='lat' dir='ltr'>eldest</span> <span class='ocrx_word' id='word_1_192' title='bbox 1411 2184 1513 2210; x_wconf 83' lang='lat' dir='ltr'>sons</span> <span class='ocrx_word' id='word_1_193' title='bbox 1542 2171 1591 2210; x_wconf 86' lang='lat' dir='ltr'>of</span> <span class='ocrx_word' id='word_1_194' title='bbox 1611 2172 1857 2222; x_wconf 85' lang='lat' dir='ltr'>Aghinolfo</span> <span class='ocrx_word' id='word_1_195' title='bbox 1887 2173 1944 2212; x_wconf 83' lang='lat' dir='ltr'>da</span> 
     </span>
     <span class='ocr_line' id='line_1_24' title="bbox 276 2235 1944 2289; baseline -0.002 -10"><span class='ocrx_word' id='word_1_196' title='bbox 276 2241 487 2289; x_wconf 86' lang='lat' dir='ltr'>Romena,</span> <span class='ocrx_word' id='word_1_197' title='bbox 523 2237 648 2276; x_wconf 85' lang='lat' dir='ltr'>elder</span> <span class='ocrx_word' id='word_1_198' title='bbox 678 2237 863 2276; x_wconf 86' lang='lat' dir='ltr'>brother</span> <span class='ocrx_word' id='word_1_199' title='bbox 894 2237 944 2275; x_wconf 83' lang='lat' dir='ltr'>of</span> <span class='ocrx_word' id='word_1_200' title='bbox 969 2236 1240 2275; x_wconf 87' lang='lat' dir='ltr'>Alessandro</span> <span class='ocrx_word' id='word_1_201' title='bbox 1274 2235 1332 2274; x_wconf 91' lang='lat' dir='ltr'>da</span> <span class='ocrx_word' id='word_1_202' title='bbox 1363 2235 1578 2284; x_wconf 88' lang='lat' dir='ltr'>Romena,</span> <span class='ocrx_word' id='word_1_203' title='bbox 1614 2237 1663 2274; x_wconf 86' lang='lat' dir='ltr'>of</span> <span class='ocrx_word' id='word_1_204' title='bbox 1697 2237 1775 2276; x_wconf 84' lang='lat' dir='ltr'>the</span> <span class='ocrx_word' id='word_1_205' title='bbox 1810 2237 1944 2276; x_wconf 82' lang='lat' dir='ltr'>Conti</span> 
     </span>
     <span class='ocr_line' id='line_1_25' title="bbox 277 2301 1946 2356; baseline -0.002 -12"><span class='ocrx_word' id='word_1_206' title='bbox 277 2305 414 2345; x_wconf 82' lang='lat' dir='ltr'>Guidi</span> <span class='ocrx_word' id='word_1_207' title='bbox 436 2303 526 2356; x_wconf 88' lang='lat' dir='ltr'>(see</span> <span class='ocrx_word' id='word_1_208' title='bbox 554 2302 689 2342; x_wconf 87' lang='lat' dir='ltr'>Table</span> <span class='ocrx_word' id='word_1_209' title='bbox 719 2303 1071 2353; x_wconf 87' lang='lat' dir='ltr'>accompanying</span> <span class='ocrx_word' id='word_1_210' title='bbox 1098 2301 1324 2340; x_wconf 81' lang='lat' dir='ltr'>Torraca’s</span> <span class='ocrx_word' id='word_1_211' title='bbox 1351 2301 1509 2340; x_wconf 86' lang='lat' dir='ltr'>article</span> <span class='ocrx_word' id='word_1_212' title='bbox 1539 2313 1596 2339; x_wconf 92' lang='lat' dir='ltr'>on</span> <span class='ocrx_word' id='word_1_213' title='bbox 1615 2301 1860 2352; x_wconf 85' lang='lat' dir='ltr'>Aghinolfo</span> <span class='ocrx_word' id='word_1_214' title='bbox 1889 2303 1946 2342; x_wconf 88' lang='lat' dir='ltr'>da</span> 
     </span>
     <span class='ocr_line' id='line_1_26' title="bbox 277 2365 1381 2417; baseline -0.003 -8"><span class='ocrx_word' id='word_1_215' title='bbox 277 2371 475 2409; x_wconf 87' lang='lat' dir='ltr'>Romena</span> <span class='ocrx_word' id='word_1_216' title='bbox 493 2369 540 2406; x_wconf 90' lang='lat' dir='ltr'>in</span> <span class='ocrx_word' id='word_1_217' title='bbox 560 2370 667 2407; x_wconf 75' lang='lat' dir='ltr'>Buzl.</span> <span class='ocrx_word' id='word_1_218' title='bbox 688 2371 771 2406; x_wconf 83' lang='lat' dir='ltr'><strong>Soc.</strong></span> <span class='ocrx_word' id='word_1_219' title='bbox 795 2371 912 2408; x_wconf 73' lang='lat' dir='ltr'>Dant.</span> <span class='ocrx_word' id='word_1_220' title='bbox 934 2370 1040 2417; x_wconf 65' lang='lat' dir='ltr'>Ital„</span> <span class='ocrx_word' id='word_1_221' title='bbox 1062 2367 1100 2406; x_wconf 93' lang='lat' dir='ltr'>N</span> <span class='ocrx_word' id='word_1_222' title='bbox 1106 2366 1162 2406; x_wconf 89' lang='lat' dir='ltr'><strong>.S.</strong></span> <span class='ocrx_word' id='word_1_223' title='bbox 1182 2367 1242 2406; x_wconf 89' lang='lat' dir='ltr'>xi.</span> <span class='ocrx_word' id='word_1_224' title='bbox 1269 2365 1381 2417; x_wconf 86' lang='lat'><strong>107).</strong></span> 
     </span>
    </p>

    <p class='ocr_par' dir='ltr' id='par_1_11' title="bbox 330 2431 1576 2483">
     <span class='ocr_line' id='line_1_27' title="bbox 330 2431 1576 2483; baseline -0.001 -10"><span class='ocrx_word' id='word_1_225' title='bbox 330 2434 346 2460; x_wconf 84' lang='lat'>2</span> <span class='ocrx_word' id='word_1_226' title='bbox 374 2436 438 2474; x_wconf 90' lang='lat' dir='ltr'>As</span> <span class='ocrx_word' id='word_1_227' title='bbox 457 2436 502 2473; x_wconf 80' lang='lat' dir='ltr'>to</span> <span class='ocrx_word' id='word_1_228' title='bbox 520 2433 598 2472; x_wconf 80' lang='lat' dir='ltr'>the</span> <span class='ocrx_word' id='word_1_229' title='bbox 620 2433 722 2472; x_wconf 85' lang='lat' dir='ltr'>date</span> <span class='ocrx_word' id='word_1_230' title='bbox 742 2433 790 2472; x_wconf 83' lang='lat' dir='ltr'>of</span> <span class='ocrx_word' id='word_1_231' title='bbox 805 2433 878 2472; x_wconf 90' lang='lat' dir='ltr'>his</span> <span class='ocrx_word' id='word_1_232' title='bbox 898 2431 1047 2483; x_wconf 83' lang='lat' dir='ltr'>death,</span> <span class='ocrx_word' id='word_1_233' title='bbox 1073 2444 1143 2471; x_wconf 89' lang='lat' dir='ltr'>see</span> <span class='ocrx_word' id='word_1_234' title='bbox 1163 2432 1312 2482; x_wconf 81' lang='lat' dir='ltr'>above,</span> <span class='ocrx_word' id='word_1_235' title='bbox 1333 2444 1405 2482; x_wconf 88' lang='lat' dir='ltr'>pp.</span> <span class='ocrx_word' id='word_1_236' title='bbox 1431 2431 1576 2472; x_wconf 55' lang='lat'><strong>1344.</strong></span> 
     </span>
    </p>

    <p class='ocr_par' dir='ltr' id='par_1_12' title="bbox 330 2498 1054 2547">
     <span class='ocr_line' id='line_1_28' title="bbox 330 2498 1054 2547; baseline -0.001 -9"><span class='ocrx_word' id='word_1_237' title='bbox 330 2499 348 2525; x_wconf 76' lang='lat'><strong>3</strong></span> <span class='ocrx_word' id='word_1_238' title='bbox 377 2500 443 2539; x_wconf 79' lang='lat' dir='ltr'>Of.</span> <span class='ocrx_word' id='word_1_239' title='bbox 463 2503 576 2538; x_wconf 85' lang='lat' dir='ltr'>Rom.</span> <span class='ocrx_word' id='word_1_240' title='bbox 597 2499 693 2538; x_wconf 86' lang='lat' dir='ltr'>viii.</span> <span class='ocrx_word' id='word_1_241' title='bbox 716 2499 770 2547; x_wconf 79' lang='lat'>43</span> <span class='ocrx_word' id='word_1_242' title='bbox 802 2500 885 2537; x_wconf 78' lang='lat' dir='ltr'>Gal.</span> <span class='ocrx_word' id='word_1_243' title='bbox 906 2499 964 2536; x_wconf 84' lang='lat' dir='ltr'>iv.</span> <span class='ocrx_word' id='word_1_244' title='bbox 987 2498 1054 2537; x_wconf 87' lang='grc'>29.</span> 
     </span>
    </p>

    <p class='ocr_par' dir='ltr' id='par_1_13' title="bbox 277 2561 1945 2737">
     <span class='ocr_line' id='line_1_29' title="bbox 334 2561 1945 2612; baseline -0.001 -8"><span class='ocrx_word' id='word_1_245' title='bbox 334 2565 351 2591; x_wconf 75' lang='lat'><strong>⁴</strong></span> <span class='ocrx_word' id='word_1_246' title='bbox 378 2564 441 2604; x_wconf 82' lang='lat' dir='ltr'>Cf.</span> <span class='ocrx_word' id='word_1_247' title='bbox 482 2569 582 2603; x_wconf 72' lang='lat' dir='ltr'>Aen.</span> <span class='ocrx_word' id='word_1_248' title='bbox 609 2565 636 2603; x_wconf 92' lang='lat' dir='ltr'>i.</span> <span class='ocrx_word' id='word_1_249' title='bbox 668 2564 777 2603; x_wconf 83' lang='lat'>605:</span> <span class='ocrx_word' id='word_1_250' title='bbox 806 2565 816 2584; x_wconf 91' lang='lat'>‘</span> <span class='ocrx_word' id='word_1_251' title='bbox 833 2563 1038 2602; x_wconf 89' lang='lat' dir='ltr'>Praemia</span> <span class='ocrx_word' id='word_1_252' title='bbox 1071 2563 1206 2612; x_wconf 88' lang='lat' dir='ltr'>digna</span> <span class='ocrx_word' id='word_1_253' title='bbox 1234 2561 1438 2612; x_wconf 80' lang='lat' dir='ltr'>ferant&#39;3</span> <span class='ocrx_word' id='word_1_254' title='bbox 1475 2563 1544 2600; x_wconf 87' lang='lat' dir='ltr'>for</span> <span class='ocrx_word' id='word_1_255' title='bbox 1572 2562 1700 2601; x_wconf 88' lang='lat' dir='ltr'>other</span> <span class='ocrx_word' id='word_1_256' title='bbox 1735 2564 1945 2602; x_wconf 84' lang='lat' dir='ltr'>reminis-</span> 
     </span>
     <span class='ocr_line' id='line_1_30' title="bbox 279 2627 1940 2679; baseline -0.001 -9"><span class='ocrx_word' id='word_1_257' title='bbox 279 2643 431 2671; x_wconf 85' lang='lat' dir='ltr'>cences</span> <span class='ocrx_word' id='word_1_258' title='bbox 466 2630 513 2668; x_wconf 84' lang='lat' dir='ltr'>of</span> <span class='ocrx_word' id='word_1_259' title='bbox 540 2629 636 2668; x_wconf 83' lang='lat' dir='ltr'>this</span> <span class='ocrx_word' id='word_1_260' title='bbox 673 2641 794 2668; x_wconf 87' lang='lat' dir='ltr'>same</span> <span class='ocrx_word' id='word_1_261' title='bbox 826 2641 1007 2679; x_wconf 85' lang='lat' dir='ltr'>passage</span> <span class='ocrx_word' id='word_1_262' title='bbox 1042 2628 1091 2667; x_wconf 81' lang='lat' dir='ltr'>of</span> <span class='ocrx_word' id='word_1_263' title='bbox 1125 2627 1204 2667; x_wconf 80' lang='lat' dir='ltr'>the</span> <span class='ocrx_word' id='word_1_264' title='bbox 1236 2630 1401 2675; x_wconf 64' lang='lat' dir='ltr'>Aeneid,</span> <span class='ocrx_word' id='word_1_265' title='bbox 1430 2639 1502 2666; x_wconf 87' lang='lat' dir='ltr'>see</span> <span class='ocrx_word' id='word_1_266' title='bbox 1529 2629 1634 2666; x_wconf 84' lang='lat' dir='ltr'>note</span> <span class='ocrx_word' id='word_1_267' title='bbox 1664 2640 1722 2667; x_wconf 92' lang='lat' dir='ltr'>on</span> <span class='ocrx_word' id='word_1_268' title='bbox 1756 2631 1881 2675; x_wconf 77' lang='lat' dir='ltr'>Epist.</span> <span class='ocrx_word' id='word_1_269' title='bbox 1912 2629 1940 2668; x_wconf 93' lang='lat' dir='ltr'>i.</span> 
     </span>
     <span class='ocr_line' id='line_1_31' title="bbox 277 2696 427 2737; baseline 0.007 -1"><span class='ocrx_word' id='word_1_270' title='bbox 277 2696 427 2737; x_wconf 85' lang='lat'><strong>39-44.</strong></span> 
     </span>
    </p>

    <p class='ocr_par' dir='ltr' id='par_1_14' title="bbox 334 2758 1840 2814">
     <span class='ocr_line' id='line_1_32' title="bbox 334 2758 1840 2814; baseline 0.001 -15"><span class='ocrx_word' id='word_1_271' title='bbox 334 2761 352 2787; x_wconf 80' lang='lat'>⁵</span> <span class='ocrx_word' id='word_1_272' title='bbox 380 2760 444 2800; x_wconf 80' lang='lat' dir='ltr'>Cf.</span> <span class='ocrx_word' id='word_1_273' title='bbox 469 2763 589 2807; x_wconf 74' lang='lat' dir='ltr'>Epist.</span> <span class='ocrx_word' id='word_1_274' title='bbox 611 2762 663 2799; x_wconf 88' lang='lat' dir='ltr'>iii</span> <span class='ocrx_word' id='word_1_275' title='bbox 685 2759 785 2814; x_wconf 77' lang='lat' dir='ltr'>(iv).</span> <span class='ocrx_word' id='word_1_276' title='bbox 811 2761 859 2799; x_wconf 91' lang='lat'>11</span> <span class='ocrx_word' id='word_1_277' title='bbox 884 2775 893 2799; x_wconf 88' lang='lat'>:</span> <span class='ocrx_word' id='word_1_278' title='bbox 927 2760 1002 2799; x_wconf 84' lang='lat' dir='ltr'>‘ut</span> <span class='ocrx_word' id='word_1_279' title='bbox 1019 2758 1208 2799; x_wconf 74' lang='lat' dir='ltr'>titulum</span> <span class='ocrx_word' id='word_1_280' title='bbox 1229 2761 1320 2798; x_wconf 89' lang='lat' dir='ltr'>mei</span> <span class='ocrx_word' id='word_1_281' title='bbox 1341 2759 1541 2797; x_wconf 81' lang='lat' dir='ltr'>nominis</span> <span class='ocrx_word' id='word_1_282' title='bbox 1561 2759 1801 2809; x_wconf 87' lang='lat' dir='ltr'>ampliares</span> <span class='ocrx_word' id='word_1_283' title='bbox 1816 2759 1840 2800; x_wconf 88' lang='lat'>&#39;.</span> 
     </span>
    </p>

    <p class='ocr_par' dir='ltr' id='par_1_15' title="bbox 279 2824 1944 2932">
     <span class='ocr_line' id='line_1_33' title="bbox 335 2824 1944 2875; baseline -0.001 -10"><span class='ocrx_word' id='word_1_284' title='bbox 335 2826 351 2850; x_wconf 81' lang='lat'><strong>⁶</strong></span> <span class='ocrx_word' id='word_1_285' title='bbox 380 2826 446 2866; x_wconf 83' lang='lat' dir='ltr'>Cf.</span> <span class='ocrx_word' id='word_1_286' title='bbox 479 2825 560 2864; x_wconf 88' lang='lat' dir='ltr'>the</span> <span class='ocrx_word' id='word_1_287' title='bbox 594 2826 843 2865; x_wconf 85' lang='lat' dir='ltr'>references</span> <span class='ocrx_word' id='word_1_288' title='bbox 873 2828 918 2865; x_wconf 87' lang='lat' dir='ltr'>to</span> <span class='ocrx_word' id='word_1_289' title='bbox 949 2824 1110 2875; x_wconf 87' lang='lat' dir='ltr'>family</span> <span class='ocrx_word' id='word_1_290' title='bbox 1134 2824 1422 2874; x_wconf 83' lang='lat' dir='ltr'>cognizances</span> <span class='ocrx_word' id='word_1_291' title='bbox 1450 2825 1499 2862; x_wconf 89' lang='lat' dir='ltr'>in</span> <span class='ocrx_word' id='word_1_292' title='bbox 1528 2826 1609 2869; x_wconf 73' lang='lat' dir='ltr'>Ins.</span> <span class='ocrx_word' id='word_1_293' title='bbox 1641 2825 1748 2864; x_wconf 83' lang='lat' dir='ltr'>xvii.</span> <span class='ocrx_word' id='word_1_294' title='bbox 1778 2825 1944 2873; x_wconf 83' lang='lat'><strong>52-73;</strong></span> 
     </span>
     <span class='ocr_line' id='line_1_34' title="bbox 279 2891 589 2932; baseline 0 0"><span class='ocrx_word' id='word_1_295' title='bbox 279 2892 419 2932; x_wconf 84' lang='lat' dir='ltr'>xxvii.</span> <span class='ocrx_word' id='word_1_296' title='bbox 441 2891 589 2932; x_wconf 87' lang='lat'><strong>41-50.</strong></span> 
     </span>
    </p>
   </div>
  </div>
 </body>
</html>
